@ARTICLE{Golse:02,
   author = {{Golse}, G. and {Kneib}, J.-P.},
    title = "{Pseudo elliptical lensing mass model: Application to the NFW mass distribution}",
  journal = {\aap},
   eprint = {astro-ph/0112138},
 keywords = {cosmology: miscellaneous, gravitational lensing, dark matter, galaxies: clusters: general, galaxies: halos},
     year = 2002,
    month = aug,
   volume = 390,
    pages = {821-827},
      doi = {10.1051/0004-6361:20020639},
   adsurl = {http://adsabs.harvard.edu/abs/2002A%26A...390..821G},
  adsnote = {Provided by the SAO/NASA Astrophysics Data System}
}


@ARTICLE{Kormendy:09,
   author = {{Kormendy}, J. and {Bender}, R.},
    title = "{Correlations between Supermassive Black Holes, Velocity Dispersions, and Mass Deficits in Elliptical Galaxies with Cores}",
  journal = {\apjl},
archivePrefix = "arXiv",
   eprint = {0901.3778},
 primaryClass = "astro-ph.GA",
 keywords = {galaxies: elliptical and lenticular, cD, galaxies: evolution, galaxies: formation, galaxies: nuclei, galaxies: photometry, galaxies: structure},
     year = 2009,
    month = feb,
   volume = 691,
    pages = {L142-L146},
      doi = {10.1088/0004-637X/691/2/L142},
   adsurl = {http://adsabs.harvard.edu/abs/2009ApJ...691L.142K},
  adsnote = {Provided by the SAO/NASA Astrophysics Data System}
}
@ARTICLE{Ferrarese:06,
   author = {{Ferrarese}, L. and {C{\^o}t{\'e}}, P. and {Jord{\'a}n}, A. and 
	{Peng}, E.~W. and {Blakeslee}, J.~P. and {Piatek}, S. and {Mei}, S. and 
	{Merritt}, D. and {Milosavljevi{\'c}}, M. and {Tonry}, J.~L. and 
	{West}, M.~J.},
    title = "{The ACS Virgo Cluster Survey. VI. Isophotal Analysis and the Structure of Early-Type Galaxies}",
  journal = {\apjs},
   eprint = {astro-ph/0602297},
 keywords = {ISM: Dust, Extinction, Galaxies: Clusters: Individual: Name: Virgo, Galaxies: ISM, Galaxies: Elliptical and Lenticular, cD, Galaxies: Nuclei},
     year = 2006,
    month = jun,
   volume = 164,
    pages = {334-434},
      doi = {10.1086/501350},
   adsurl = {http://adsabs.harvard.edu/abs/2006ApJS..164..334F},
  adsnote = {Provided by the SAO/NASA Astrophysics Data System}
}

@ARTICLE{Ebisuzaki:91,
   author = {{Ebisuzaki}, T. and {Makino}, J. and {Okumura}, S.~K.},
    title = "{Merging of two galaxies with central black holes}",
  journal = {\nat},
 keywords = {Black Holes (Astronomy), Elliptical Galaxies, Galactic Mass, Galactic Structure, Luminous Intensity, Computational Astrophysics, Galactic Evolution, Many Body Problem},
     year = 1991,
    month = nov,
   volume = 354,
    pages = {212-214},
      doi = {10.1038/354212a0},
   adsurl = {http://adsabs.harvard.edu/abs/1991Natur.354..212E},
  adsnote = {Provided by the SAO/NASA Astrophysics Data System}
}

@ARTICLE{Barnes:92,
   author = {{Barnes}, J.~E. and {Hernquist}, L.},
    title = "{Dynamics of interacting galaxies}",
  journal = {\araa},
 keywords = {Active Galaxies, Dynamics, Galactic Evolution, Interacting Galaxies, Starburst Galaxies, Dark Matter, Irregular Galaxies, Morphology},
     year = 1992,
   volume = 30,
    pages = {705-742},
      doi = {10.1146/annurev.aa.30.090192.003421},
   adsurl = {http://adsabs.harvard.edu/abs/1992ARA%26A..30..705B},
  adsnote = {Provided by the SAO/NASA Astrophysics Data System}
}

@ARTICLE{Begelman:80,
   author = {{Begelman}, M.~C. and {Blandford}, R.~D. and {Rees}, M.~J.},
    title = "{Massive black hole binaries in active galactic nuclei}",
  journal = {\nat},
 keywords = {Active Galactic Nuclei, Binary Stars, Black Holes (Astronomy), Stellar Evolution, Supermassive Stars, Astrophysics, Orbital Elements},
     year = 1980,
    month = sep,
   volume = 287,
    pages = {307-309},
      doi = {10.1038/287307a0},
   adsurl = {http://adsabs.harvard.edu/abs/1980Natur.287..307B},
  adsnote = {Provided by the SAO/NASA Astrophysics Data System}
}


@ARTICLE{hezaveh:14b,
   author = {{Hezaveh}, Y.~D.},
    title = "{Prospects for Measuring the Mass of Black Holes at High Redshifts with Resolved Kinematics Using Gravitational Lensing}",
  journal = {\apjl},
archivePrefix = "arXiv",
   eprint = {1408.3631},
 keywords = {black hole physics, galaxies: formation, galaxies: high-redshift, gravitational lensing: strong},
     year = 2014,
    month = aug,
   volume = 791,
      eid = {L41},
    pages = {L41},
      doi = {10.1088/2041-8205/791/2/L41},
   adsurl = {http://adsabs.harvard.edu/abs/2014ApJ...791L..41H},
  adsnote = {Provided by the SAO/NASA Astrophysics Data System}
}

@ARTICLE{hezaveh:14a,
   author = {{Hezaveh}, Y. and {Dalal}, N. and {Holder}, G. and {Kisner}, T. and 
	{Kuhlen}, M.},
    title = "{Measuring the power spectrum of dark matter substructure using strong gravitational lensing}",
  journal = {ArXiv e-prints},
archivePrefix = "arXiv",
   eprint = {1403.2720},
 primaryClass = "astro-ph.CO",
 keywords = {Astrophysics - Cosmology and Extragalactic Astrophysics},
     year = 2014,
    month = mar,
   adsurl = {http://adsabs.harvard.edu/abs/2014arXiv1403.2720H},
  adsnote = {Provided by the SAO/NASA Astrophysics Data System}
}


@ARTICLE{Weiss:13,
   author = {{Wei{\ss}}, A. and {De Breuck}, C. and {Marrone}, D.~P. and 
	{Vieira}, J.~D. and {Aguirre}, J.~E. and {Aird}, K.~A. and {Aravena}, M. and 
	{Ashby}, M.~L.~N. and {Bayliss}, M. and {Benson}, B.~A. and 
	{B{\'e}thermin}, M. and {Biggs}, A.~D. and {Bleem}, L.~E. and 
	{Bock}, J.~J. and {Bothwell}, M. and {Bradford}, C.~M. and {Brodwin}, M. and 
	{Carlstrom}, J.~E. and {Chang}, C.~L. and {Chapman}, S.~C. and 
	{Crawford}, T.~M. and {Crites}, A.~T. and {de Haan}, T. and 
	{Dobbs}, M.~A. and {Downes}, T.~P. and {Fassnacht}, C.~D. and 
	{George}, E.~M. and {Gladders}, M.~D. and {Gonzalez}, A.~H. and 
	{Greve}, T.~R. and {Halverson}, N.~W. and {Hezaveh}, Y.~D. and 
	{High}, F.~W. and {Holder}, G.~P. and {Holzapfel}, W.~L. and 
	{Hoover}, S. and {Hrubes}, J.~D. and {Husband}, K. and {Keisler}, R. and 
	{Lee}, A.~T. and {Leitch}, E.~M. and {Lueker}, M. and {Luong-Van}, D. and 
	{Malkan}, M. and {McIntyre}, V. and {McMahon}, J.~J. and {Mehl}, J. and 
	{Menten}, K.~M. and {Meyer}, S.~S. and {Murphy}, E.~J. and {Padin}, S. and 
	{Plagge}, T. and {Reichardt}, C.~L. and {Rest}, A. and {Rosenman}, M. and 
	{Ruel}, J. and {Ruhl}, J.~E. and {Schaffer}, K.~K. and {Shirokoff}, E. and 
	{Spilker}, J.~S. and {Stalder}, B. and {Staniszewski}, Z. and 
	{Stark}, A.~A. and {Story}, K. and {Vanderlinde}, K. and {Welikala}, N. and 
	{Williamson}, R.},
    title = "{ALMA Redshifts of Millimeter-selected Galaxies from the SPT Survey: The Redshift Distribution of Dusty Star-forming Galaxies}",
  journal = {\apj},
archivePrefix = "arXiv",
   eprint = {1303.2726},
 primaryClass = "astro-ph.CO",
 keywords = {cosmology: observations, early universe, galaxies: evolution, galaxies: high-redshift, ISM: molecules },
     year = 2013,
    month = apr,
   volume = 767,
      eid = {88},
    pages = {88},
      doi = {10.1088/0004-637X/767/1/88},
   adsurl = {http://adsabs.harvard.edu/abs/2013ApJ...767...88W},
  adsnote = {Provided by the SAO/NASA Astrophysics Data System}
}

@ARTICLE{Inada:08,
   author = {{Inada}, N. and {Oguri}, M. and {Falco}, E.~E. and {Broadhurst}, T.~J. and 
	{Ofek}, E.~O. and {Kochanek}, C.~S. and {Sharon}, K. and {Smith}, G.~P.
	},
    title = "{Spectroscopic Confirmation of the Fifth Image of SDSS J1004+4112 and Implications for the M$_{BH}$--{$\sigma$}$_{*}$ Relation at z = 0.68}",
  journal = {\pasj},
archivePrefix = "arXiv",
   eprint = {0808.1769},
 keywords = {black hole physics, galaxies: elliptical and lenticular, cD, galaxies: quasars: individual (SDSS J1004+4112), gravitational lensing},
     year = 2008,
    month = oct,
   volume = 60,
    pages = {L27},
      doi = {10.1093/pasj/60.5.L27},
   adsurl = {http://adsabs.harvard.edu/abs/2008PASJ...60L..27I},
  adsnote = {Provided by the SAO/NASA Astrophysics Data System}
}

@ARTICLE{Inada:05,
   author = {{Inada}, N. and {Oguri}, M. and {Keeton}, C.~R. and {Eisenstein}, D.~J. and 
	{Castander}, F.~J. and {Chiu}, K. and {Hall}, P.~B. and {Hennawi}, J.~F. and 
	{Johnston}, D.~E. and {Pindor}, B. and {Richards}, G.~T. and 
	{Rix}, H.-W.~R. and {Schneider}, D.~P. and {Zheng}, W.},
    title = "{Discovery of a Fifth Image of the Large Separation Gravitationally Lensed Quasar SDSS J1004+4112}",
  journal = {\pasj},
   eprint = {astro-ph/0503310},
 keywords = {galaxies: quasars: individual (SDSS J1004 + 4112), galaxies: structure, gravitational lensing},
     year = 2005,
    month = jun,
   volume = 57,
    pages = {L7-L10},
      doi = {10.1093/pasj/57.3.L7},
   adsurl = {http://adsabs.harvard.edu/abs/2005PASJ...57L...7I},
  adsnote = {Provided by the SAO/NASA Astrophysics Data System}
}


@ARTICLE{Winn:04,
   author = {{Winn}, J.~N. and {Rusin}, D. and {Kochanek}, C.~S.},
    title = "{The central image of a gravitationally lensed quasar}",
  journal = {\nat},
   eprint = {astro-ph/0312136},
     year = 2004,
    month = feb,
   volume = 427,
    pages = {613-615},
   adsurl = {http://adsabs.harvard.edu/abs/2004Natur.427..613W},
  adsnote = {Provided by the SAO/NASA Astrophysics Data System}
}

@ARTICLE{Evans:02,
   author = {{Evans}, N.~W. and {Hunter}, C.},
    title = "{Lensing Properties of Cored Galaxy Models}",
  journal = {\apj},
   eprint = {astro-ph/0204206},
 keywords = {Galaxies: Halos, Galaxies: Kinematics and Dynamics, Galaxies: Structure, Cosmology: Gravitational Lensing},
     year = 2002,
    month = aug,
   volume = 575,
    pages = {68-86},
      doi = {10.1086/341214},
   adsurl = {http://adsabs.harvard.edu/abs/2002ApJ...575...68E},
  adsnote = {Provided by the SAO/NASA Astrophysics Data System}
}

@ARTICLE{Wallington:93,
   author = {{Wallington}, S. and {Narayan}, R.},
    title = "{The influence of core radius on gravitational lensing by elliptical lenses}",
  journal = {\apj},
 keywords = {Ellipticity, Galactic Structure, Gravitational Lenses, Quasars, Astronomical Models, Bl Lacertae Objects, Computational Astrophysics, Image Analysis},
     year = 1993,
    month = feb,
   volume = 403,
    pages = {517-529},
      doi = {10.1086/172222},
   adsurl = {http://adsabs.harvard.edu/abs/1993ApJ...403..517W},
  adsnote = {Provided by the SAO/NASA Astrophysics Data System}
}


@ARTICLE{Rusin:01,
   author = {{Rusin}, D. and {Ma}, C.-P.},
    title = "{Constraints on the Inner Mass Profiles of Lensing Galaxies from Missing Odd Images}",
  journal = {\apjl},
   eprint = {astro-ph/0009079},
 keywords = {Galaxies: Structure, Cosmology: Gravitational Lensing},
     year = 2001,
    month = mar,
   volume = 549,
    pages = {L33-L37},
      doi = {10.1086/319129},
   adsurl = {http://adsabs.harvard.edu/abs/2001ApJ...549L..33R},
  adsnote = {Provided by the SAO/NASA Astrophysics Data System}
}


@ARTICLE{Keeton:03,
   author = {{Keeton}, C.~R.},
    title = "{Lensing and the Centers of Distant Early-Type Galaxies}",
  journal = {\apj},
   eprint = {astro-ph/0206243},
 keywords = {Galaxies: Elliptical and Lenticular, cD, Galaxies: Nuclei, Galaxies: Structure, Cosmology: Gravitational Lensing},
     year = 2003,
    month = jan,
   volume = 582,
    pages = {17-29},
      doi = {10.1086/344539},
   adsurl = {http://adsabs.harvard.edu/abs/2003ApJ...582...17K},
  adsnote = {Provided by the SAO/NASA Astrophysics Data System}
}


@ARTICLE{Thomas:14,
   author = {{Thomas}, J. and {Saglia}, R.~P. and {Bender}, R. and {Erwin}, P. and 
	{Fabricius}, M.},
    title = "{The Dynamical Fingerprint of Core Scouring in Massive Elliptical Galaxies}",
  journal = {\apj},
archivePrefix = "arXiv",
   eprint = {1311.3783},
 primaryClass = "astro-ph.GA",
 keywords = {galaxies: elliptical and lenticular, cD, galaxies: evolution, galaxies: kinematics and dynamics, galaxies: structure },
     year = 2014,
    month = feb,
   volume = 782,
      eid = {39},
    pages = {39},
      doi = {10.1088/0004-637X/782/1/39},
   adsurl = {http://adsabs.harvard.edu/abs/2014ApJ...782...39T},
  adsnote = {Provided by the SAO/NASA Astrophysics Data System}
}




@ARTICLE{hopkins:12,
   author = {{Hopkins}, P.~F. and {Kere{\v s}}, D. and {Murray}, N. and {Quataert}, E. and 
	{Hernquist}, L.},
    title = "{Stellar feedback and bulge formation in clumpy discs}",
  journal = {\mnras},
archivePrefix = "arXiv",
   eprint = {1111.6591},
 primaryClass = "astro-ph.CO",
 keywords = {stars: formation, galaxies: active, galaxies: evolution, galaxies: formation, cosmology: theory},
     year = 2012,
    month = dec,
   volume = 427,
    pages = {968-978},
      doi = {10.1111/j.1365-2966.2012.21981.x},
   adsurl = {http://adsabs.harvard.edu/abs/2012MNRAS.427..968H},
  adsnote = {Provided by the SAO/NASA Astrophysics Data System}
}


@ARTICLE{tacconi:08,
   author = {{Tacconi}, L.~J. and {Genzel}, R. and {Smail}, I. and {Neri}, R. and 
	{Chapman}, S.~C. and {Ivison}, R.~J. and {Blain}, A. and {Cox}, P. and 
	{Omont}, A. and {Bertoldi}, F. and {Greve}, T. and {F{\"o}rster Schreiber}, N.~M. and 
	{Genel}, S. and {Lutz}, D. and {Swinbank}, A.~M. and {Shapley}, A.~E. and 
	{Erb}, D.~K. and {Cimatti}, A. and {Daddi}, E. and {Baker}, A.~J.
	},
    title = "{Submillimeter Galaxies at z \~{} 2: Evidence for Major Mergers and Constraints on Lifetimes, IMF, and CO-H$_{2}$ Conversion Factor}",
  journal = {\apj},
archivePrefix = "arXiv",
   eprint = {0801.3650},
 keywords = {Cosmology: Observations, Galaxies: Evolution, Galaxies: Formation, Galaxies: High-Redshift, Galaxies: Kinematics and Dynamics, Stars: Luminosity Function, Mass Function},
     year = 2008,
    month = jun,
   volume = 680,
    pages = {246-262},
      doi = {10.1086/587168},
   adsurl = {http://adsabs.harvard.edu/abs/2008ApJ...680..246T},
  adsnote = {Provided by the SAO/NASA Astrophysics Data System}
}

@ARTICLE{Do:14,
   author = {{Do}, T. and {Wright}, S.~A. and {Barth}, A.~J. and {Barton}, E.~J. and 
	{Simard}, L. and {Larkin}, J.~E. and {Moore}, A.~M. and {Wang}, L. and 
	{Ellerbroek}, B.},
    title = "{Prospects for Measuring Supermassive Black Hole Masses with Future Extremely Large Telescopes}",
  journal = {\aj},
archivePrefix = "arXiv",
   eprint = {1401.7988},
 keywords = {galaxies: kinematics and dynamics, instrumentation: adaptive optics, instrumentation: spectrographs, techniques: imaging spectroscopy, telescopes},
     year = 2014,
    month = apr,
   volume = 147,
      eid = {93},
    pages = {93},
      doi = {10.1088/0004-6256/147/4/93},
   adsurl = {http://adsabs.harvard.edu/abs/2014AJ....147...93D},
  adsnote = {Provided by the SAO/NASA Astrophysics Data System}
}

@ARTICLE{Riechers:08,
   author = {{Riechers}, D.~A. and {Walter}, F. and {Brewer}, B.~J. and {Carilli}, C.~L. and 
	{Lewis}, G.~F. and {Bertoldi}, F. and {Cox}, P.},
    title = "{A Molecular Einstein Ring at z = 4.12: Imaging the Dynamics of a Quasar Host Galaxy Through a Cosmic Lens}",
  journal = {\apj},
archivePrefix = "arXiv",
   eprint = {0806.4616},
 keywords = {Cosmology: Observations, Galaxies: Active, Galaxies: Formation, Galaxies: High-Redshift, Galaxies: Starburst, Radio Lines: Galaxies},
     year = 2008,
    month = oct,
   volume = 686,
    pages = {851-858},
      doi = {10.1086/591434},
   adsurl = {http://adsabs.harvard.edu/abs/2008ApJ...686..851R},
  adsnote = {Provided by the SAO/NASA Astrophysics Data System}
}

@ARTICLE{Kormendy:13,
   author = {{Kormendy}, J. and {Ho}, L.~C.},
    title = "{Coevolution (Or Not) of Supermassive Black Holes and Host Galaxies}",
  journal = {\araa},
archivePrefix = "arXiv",
   eprint = {1304.7762},
 primaryClass = "astro-ph.CO",
     year = 2013,
    month = aug,
   volume = 51,
    pages = {511-653},
      doi = {10.1146/annurev-astro-082708-101811},
   adsurl = {http://adsabs.harvard.edu/abs/2013ARA%26A..51..511K},
  adsnote = {Provided by the SAO/NASA Astrophysics Data System}
}


@ARTICLE{Davis:2014,
   author = {{Davis}, T.~A.},
    title = "{A figure of merit for black hole mass measurements with molecular gas}",
  journal = {ArXiv e-prints},
archivePrefix = "arXiv",
   eprint = {1406.2555},
 keywords = {Astrophysics - Astrophysics of Galaxies},
     year = 2014,
    month = jun,
   adsurl = {http://adsabs.harvard.edu/abs/2014arXiv1406.2555D},
  adsnote = {Provided by the SAO/NASA Astrophysics Data System}
}

@ARTICLE{Peterson:93,
   author = {{Peterson}, B.~M.},
    title = "{Reverberation mapping of active galactic nuclei}",
  journal = {\pasp},
 keywords = {Active Galactic Nuclei, Astronomical Maps, Emission Spectra, Reverberation, Astronomical Spectroscopy, Cross Correlation, Luminosity, Spectral Line Width, Transfer Functions},
     year = 1993,
    month = mar,
   volume = 105,
    pages = {247-268},
      doi = {10.1086/133140},
   adsurl = {http://adsabs.harvard.edu/abs/1993PASP..105..247P},
  adsnote = {Provided by the SAO/NASA Astrophysics Data System}
}
@ARTICLE{Blandford:82,
   author = {{Blandford}, R.~D. and {McKee}, C.~F.},
    title = "{Reverberation mapping of the emission line regions of Seyfert galaxies and quasars}",
  journal = {\apj},
 keywords = {Astronomical Spectroscopy, Emission Spectra, Quasars, Seyfert Galaxies, Spectral Line Width, Radial Velocity, Radiative Transfer, Spatial Distribution, Stellar Mass Accretion, Transfer Functions, Velocity Distribution},
     year = 1982,
    month = apr,
   volume = 255,
    pages = {419-439},
      doi = {10.1086/159843},
   adsurl = {http://adsabs.harvard.edu/abs/1982ApJ...255..419B},
  adsnote = {Provided by the SAO/NASA Astrophysics Data System}
}
@ARTICLE{Kaspi:00,
   author = {{Kaspi}, S. and {Smith}, P.~S. and {Netzer}, H. and {Maoz}, D. and 
	{Jannuzi}, B.~T. and {Giveon}, U.},
    title = "{Reverberation Measurements for 17 Quasars and the Size-Mass-Luminosity Relations in Active Galactic Nuclei}",
  journal = {\apj},
   eprint = {astro-ph/9911476},
 keywords = {GALAXIES: ACTIVE, GALAXIES: QUASARS: EMISSION LINES, GALAXIES: QUASARS: GENERAL},
     year = 2000,
    month = apr,
   volume = 533,
    pages = {631-649},
      doi = {10.1086/308704},
   adsurl = {http://adsabs.harvard.edu/abs/2000ApJ...533..631K},
  adsnote = {Provided by the SAO/NASA Astrophysics Data System}
}

@ARTICLE{Wandel:99,
   author = {{Wandel}, A. and {Peterson}, B.~M. and {Malkan}, M.~A.},
    title = "{Central Masses and Broad-Line Region Sizes of Active Galactic Nuclei. I. Comparing the Photoionization and Reverberation Techniques}",
  journal = {\apj},
   eprint = {astro-ph/9905224},
 keywords = {BLACK HOLE PHYSICS, GALAXIES: ACTIVE, GALAXIES: NUCLEI, GALAXIES: SEYFERT, GALAXIES: QUASARS: EMISSION LINES, GALAXIES: QUASARS: GENERAL, Black Hole Physics, Galaxies: Active, Galaxies: Nuclei, Galaxies: Seyfert, Galaxies: Quasars: Emission Lines, Galaxies: Quasars: General},
     year = 1999,
    month = dec,
   volume = 526,
    pages = {579-591},
      doi = {10.1086/308017},
   adsurl = {http://adsabs.harvard.edu/abs/1999ApJ...526..579W},
  adsnote = {Provided by the SAO/NASA Astrophysics Data System}
}

@INPROCEEDINGS{Ho:99,
   author = {{Ho}, L.},
    title = "{Supermassive Black Holes in Galactic Nuclei: Observational Evidence and Astrophysical Consequences}",
booktitle = {Observational Evidence for the Black Holes in the Universe},
     year = 1999,
   series = {Astrophysics and Space Science Library},
   volume = 234,
   editor = {{Chakrabarti}, S.~K.},
    pages = {157},
   adsurl = {http://adsabs.harvard.edu/abs/1999ASSL..234..157H},
  adsnote = {Provided by the SAO/NASA Astrophysics Data System}
}

@ARTICLE{Gultekin:09,
   author = {{G{\"u}ltekin}, K. and {Richstone}, D.~O. and {Gebhardt}, K. and 
	{Lauer}, T.~R. and {Tremaine}, S. and {Aller}, M.~C. and {Bender}, R. and 
	{Dressler}, A. and {Faber}, S.~M. and {Filippenko}, A.~V. and 
	{Green}, R. and {Ho}, L.~C. and {Kormendy}, J. and {Magorrian}, J. and 
	{Pinkney}, J. and {Siopis}, C.},
    title = "{The M-{$\sigma$} and M-L Relations in Galactic Bulges, and Determinations of Their Intrinsic Scatter}",
  journal = {\apj},
archivePrefix = "arXiv",
   eprint = {0903.4897},
 primaryClass = "astro-ph.GA",
 keywords = {black hole physics, galaxies: general, galaxies: nuclei, galaxies: statistics, stellar dynamics},
     year = 2009,
    month = jun,
   volume = 698,
    pages = {198-221},
      doi = {10.1088/0004-637X/698/1/198},
   adsurl = {http://adsabs.harvard.edu/abs/2009ApJ...698..198G},
  adsnote = {Provided by the SAO/NASA Astrophysics Data System}
}

@ARTICLE{Kormendy:95,
   author = {{Kormendy}, J. and {Richstone}, D.},
    title = "{Inward Bound---The Search For Supermassive Black Holes In Galactic Nuclei}",
  journal = {\araa},
     year = 1995,
   volume = 33,
    pages = {581},
      doi = {10.1146/annurev.aa.33.090195.003053},
   adsurl = {http://adsabs.harvard.edu/abs/1995ARA%26A..33..581K},
  adsnote = {Provided by the SAO/NASA Astrophysics Data System}
}
@ARTICLE{King:03,
   author = {{King}, A.},
    title = "{Black Holes, Galaxy Formation, and the M$_{BH}$-{$\sigma$} Relation}",
  journal = {\apjl},
   eprint = {astro-ph/0308342},
 keywords = {Accretion, Accretion Disks, Black Hole Physics, Galaxies: Formation, Galaxies: Nuclei, Galaxies: Quasars: General},
     year = 2003,
    month = oct,
   volume = 596,
    pages = {L27-L29},
      doi = {10.1086/379143},
   adsurl = {http://adsabs.harvard.edu/abs/2003ApJ...596L..27K},
  adsnote = {Provided by the SAO/NASA Astrophysics Data System}
}

@ARTICLE{Fabian:99,
   author = {{Fabian}, A.~C.},
    title = "{The obscured growth of massive black holes}",
  journal = {\mnras},
   eprint = {astro-ph/9908064},
     year = 1999,
    month = oct,
   volume = 308,
    pages = {L39-L43},
      doi = {10.1046/j.1365-8711.1999.03017.x},
   adsurl = {http://adsabs.harvard.edu/abs/1999MNRAS.308L..39F},
  adsnote = {Provided by the SAO/NASA Astrophysics Data System}
}

@ARTICLE{Silk:98,
   author = {{Silk}, J. and {Rees}, M.~J.},
    title = "{Quasars and galaxy formation}",
  journal = {\aap},
   eprint = {astro-ph/9801013},
 keywords = {GALAXY FORMATION: SUPERMASSIVE BLACK HOLES, QUASARS: OUTFLOWS},
     year = 1998,
    month = mar,
   volume = 331,
    pages = {L1-L4},
   adsurl = {http://adsabs.harvard.edu/abs/1998A%26A...331L...1S},
  adsnote = {Provided by the SAO/NASA Astrophysics Data System}
}

@ARTICLE{Tremaine:02,
   author = {{Tremaine}, S. and {Gebhardt}, K. and {Bender}, R. and {Bower}, G. and 
	{Dressler}, A. and {Faber}, S.~M. and {Filippenko}, A.~V. and 
	{Green}, R. and {Grillmair}, C. and {Ho}, L.~C. and {Kormendy}, J. and 
	{Lauer}, T.~R. and {Magorrian}, J. and {Pinkney}, J. and {Richstone}, D.
	},
    title = "{The Slope of the Black Hole Mass versus Velocity Dispersion Correlation}",
  journal = {\apj},
   eprint = {astro-ph/0203468},
 keywords = {Black Hole Physics, Galaxies: Bulges, Galaxies: Fundamental Parameters, Galaxies: Nuclei, Galaxy: Bulge, Galaxy: Kinematics and Dynamics},
     year = 2002,
    month = aug,
   volume = 574,
    pages = {740-753},
      doi = {10.1086/341002},
   adsurl = {http://adsabs.harvard.edu/abs/2002ApJ...574..740T},
  adsnote = {Provided by the SAO/NASA Astrophysics Data System}
}

@ARTICLE{Gebhardt:00,
   author = {{Gebhardt}, K. and {Bender}, R. and {Bower}, G. and {Dressler}, A. and 
	{Faber}, S.~M. and {Filippenko}, A.~V. and {Green}, R. and {Grillmair}, C. and 
	{Ho}, L.~C. and {Kormendy}, J. and {Lauer}, T.~R. and {Magorrian}, J. and 
	{Pinkney}, J. and {Richstone}, D. and {Tremaine}, S.},
    title = "{A Relationship between Nuclear Black Hole Mass and Galaxy Velocity Dispersion}",
  journal = {\apjl},
   eprint = {astro-ph/0006289},
 keywords = {Galaxies: General, Galaxies: Nuclei, Galaxies: Statistics},
     year = 2000,
    month = aug,
   volume = 539,
    pages = {L13-L16},
      doi = {10.1086/312840},
   adsurl = {http://adsabs.harvard.edu/abs/2000ApJ...539L..13G},
  adsnote = {Provided by the SAO/NASA Astrophysics Data System}
}

@ARTICLE{Ferrarese:00,
   author = {{Ferrarese}, L. and {Merritt}, D.},
    title = "{A Fundamental Relation between Supermassive Black Holes and Their Host Galaxies}",
  journal = {\apjl},
   eprint = {astro-ph/0006053},
 keywords = {Black Hole Physics, Galaxies: Evolution, Galaxies: Kinematics and Dynamics},
     year = 2000,
    month = aug,
   volume = 539,
    pages = {L9-L12},
      doi = {10.1086/312838},
   adsurl = {http://adsabs.harvard.edu/abs/2000ApJ...539L...9F},
  adsnote = {Provided by the SAO/NASA Astrophysics Data System}
}

@ARTICLE{Magorrian:98,
   author = {{Magorrian}, J. and {Tremaine}, S. and {Richstone}, D. and {Bender}, R. and 
	{Bower}, G. and {Dressler}, A. and {Faber}, S.~M. and {Gebhardt}, K. and 
	{Green}, R. and {Grillmair}, C. and {Kormendy}, J. and {Lauer}, T.
	},
    title = "{The Demography of Massive Dark Objects in Galaxy Centers}",
  journal = {\aj},
   eprint = {astro-ph/9708072},
 keywords = {COSMOLOGY: DARK MATTER, GALAXIES: NUCLEI},
     year = 1998,
    month = jun,
   volume = 115,
    pages = {2285-2305},
      doi = {10.1086/300353},
   adsurl = {http://adsabs.harvard.edu/abs/1998AJ....115.2285M},
  adsnote = {Provided by the SAO/NASA Astrophysics Data System}
}
@ARTICLE{Robertson:06,
   author = {{Robertson}, B. and {Hernquist}, L. and {Cox}, T.~J. and {Di Matteo}, T. and 
	{Hopkins}, P.~F. and {Martini}, P. and {Springel}, V.},
    title = "{The Evolution of the M$_{BH}$-{$\sigma$} Relation}",
  journal = {\apj},
   eprint = {astro-ph/0506038},
 keywords = {Black Hole Physics, Galaxies: Evolution, Galaxies: Formation},
     year = 2006,
    month = apr,
   volume = 641,
    pages = {90-102},
      doi = {10.1086/500348},
   adsurl = {http://adsabs.harvard.edu/abs/2006ApJ...641...90R},
  adsnote = {Provided by the SAO/NASA Astrophysics Data System}
}


@ARTICLE{LSST:09,
   author = {{LSST Science Collaboration} and {Abell}, P.~A. and {Allison}, J. and 
	{Anderson}, S.~F. and {Andrew}, J.~R. and {Angel}, J.~R.~P. and 
	{Armus}, L. and {Arnett}, D. and {Asztalos}, S.~J. and {Axelrod}, T.~S. and et al.},
    title = "{LSST Science Book, Version 2.0}",
  journal = {ArXiv e-prints},
archivePrefix = "arXiv",
   eprint = {0912.0201},
 primaryClass = "astro-ph.IM",
 keywords = {Astrophysics - Instrumentation and Methods for Astrophysics, Astrophysics - Cosmology and Extragalactic Astrophysics, Astrophysics - Earth and Planetary Astrophysics, Astrophysics - Galaxy Astrophysics, Astrophysics - Solar and Stellar Astrophysics},
     year = 2009,
    month = dec,
   adsurl = {http://adsabs.harvard.edu/abs/2009arXiv0912.0201L},
  adsnote = {Provided by the SAO/NASA Astrophysics Data System}
}


@ARTICLE{Yun:97,
   author = {{Yun}, M.~S. and {Scoville}, N.~Z. and {Carrasco}, J.~J. and 
	{Blandford}, R.~D.},
    title = "{Resolution and Kinematics of Molecular Gas Surrounding the Cloverleaf Quasar at Z = 2.6 Using the Gravitational Lens}",
  journal = {\apjl},
   eprint = {astro-ph/9702031},
 keywords = {GALAXIES: QUASARS: INDIVIDUAL ALPHANUMERIC: H1413+117, COSMOLOGY: OBSERVATIONS, GALAXIES: STARBURST, ISM: MOLECULES, INFRARED: GALAXIES, Cosmology: Observations, Galaxies: Starburst, Infrared: Galaxies, ISM: Molecules, Galaxies: Quasars: Individual: Alphanumeric: H1413+117},
     year = 1997,
    month = apr,
   volume = 479,
    pages = {L9-L13},
      doi = {10.1086/310580},
   adsurl = {http://adsabs.harvard.edu/abs/1997ApJ...479L...9Y},
  adsnote = {Provided by the SAO/NASA Astrophysics Data System}
}


@ARTICLE{Bothwell:12,
   author = {{Bothwell}, M.~S. and {Smail}, I. and {Chapman}, S.~C. and {Genzel}, R. and 
	{Ivison}, R.~J. and {Tacconi}, L.~J. and {Alaghband-Zadeh}, S. and 
	{Bertoldi}, F. and {Blain}, A.~W. and {Casey}, C.~M. and {Cox}, P. and 
	{Greve}, T.~R. and {Lutz}, D. and {Neri}, R. and {Omont}, A. and 
	{Swinbank}, A.~M.},
    title = "{A survey of molecular gas in luminous sub-millimetre galaxies}",
  journal = {\mnras},
archivePrefix = "arXiv",
   eprint = {1205.1511},
 primaryClass = "astro-ph.CO",
 keywords = {galaxies: evolution, galaxies: formation, galaxies: ISM, cosmology: observations},
     year = 2013,
    month = mar,
   volume = 429,
    pages = {3047-3067},
      doi = {10.1093/mnras/sts562},
   adsurl = {http://adsabs.harvard.edu/abs/2013MNRAS.429.3047B},
  adsnote = {Provided by the SAO/NASA Astrophysics Data System}
}


@ARTICLE{Sakamoto:99,
   author = {{Sakamoto}, K. and {Scoville}, N.~Z. and {Yun}, M.~S. and {Crosas}, M. and 
	{Genzel}, R. and {Tacconi}, L.~J.},
    title = "{Counterrotating Nuclear Disks in ARP 220}",
  journal = {\apj},
   eprint = {astro-ph/9810325},
 keywords = {GALAXIES: EVOLUTION, GALAXIES: INDIVIDUAL (ARP 220), GALAXIES: INTERACTIONS, GALAXIES: ISM, Galaxies: Evolution, galaxies: individual (Arp 220), Galaxies: Interactions, Galaxies: ISM},
     year = 1999,
    month = mar,
   volume = 514,
    pages = {68-76},
      doi = {10.1086/306951},
   adsurl = {http://adsabs.harvard.edu/abs/1999ApJ...514...68S},
  adsnote = {Provided by the SAO/NASA Astrophysics Data System}
}


@ARTICLE{simard:13,
   author = {{Simard}, L.},
    title = "{The Thirty-Meter Telescope: Science and Instrumentation for a Next-Generation Observatory}",
  journal = {Journal of Astrophysics and Astronomy},
 keywords = {Telescopes{\mdash}instrumentation: spectrographs{\mdash}instrumentation: photometers},
     year = 2013,
    month = jun,
   volume = 34,
    pages = {97-120},
      doi = {10.1007/s12036-013-9177-5},
   adsurl = {http://adsabs.harvard.edu/abs/2013JApA...34...97S},
  adsnote = {Provided by the SAO/NASA Astrophysics Data System}
}

@ARTICLE{Kormann:94,
   author = {{Kormann}, R. and {Schneider}, P. and {Bartelmann}, M.},
    title = "{Isothermal elliptical gravitational lens models}",
  journal = {\aap},
 keywords = {Astronomical Models, Ellipsoids, Gravitational Lenses, Isothermal Processes, Mass Distribution, Critical Velocity, Distortion, Finite Difference Theory, Vector Analysis},
     year = 1994,
    month = apr,
   volume = 284,
    pages = {285-299},
   adsurl = {http://adsabs.harvard.edu/abs/1994A%26A...284..285K},
  adsnote = {Provided by the SAO/NASA Astrophysics Data System}
}

@ARTICLE{Davis:13,
   author = {{Davis}, T.~A. and {Bureau}, M. and {Cappellari}, M. and {Sarzi}, M. and 
	{Blitz}, L.},
    title = "{A black-hole mass measurement from molecular gas kinematics in NGC4526}",
  journal = {\nat},
archivePrefix = "arXiv",
   eprint = {1301.7184},
 primaryClass = "astro-ph.CO",
     year = 2013,
    month = feb,
   volume = 494,
    pages = {328-330},
      doi = {10.1038/nature11819},
   adsurl = {http://adsabs.harvard.edu/abs/2013Natur.494..328D},
  adsnote = {Provided by the SAO/NASA Astrophysics Data System}
}

@ARTICLE{Cooray:12, 
   author = {{Cooray}, A. and {Sheth}, R.},
    title = "{Halo models of large scale structure}",
  journal = {\physrep},
   eprint = {astro-ph/0206508},
     year = 2002,
    month = dec,
   volume = 372,
    pages = {1-129},
      doi = {10.1016/S0370-1573(02)00276-4},
   adsurl = {http://adsabs.harvard.edu/abs/2002PhR...372....1C},
  adsnote = {Provided by the SAO/NASA Astrophysics Data System}
}

@ARTICLE{Nierenberg:14,
   author = {{Nierenberg}, A.~M. and {Treu}, T. and {Wright}, S.~A. and {Fassnacht}, C.~D. and 
	{Auger}, M.~W.},
    title = "{Detection of a substructure with adaptive optics integral field spectroscopy of the gravitational lens B1422+231}",
  journal = {ArXiv e-prints},
archivePrefix = "arXiv",
   eprint = {1402.1496},
 primaryClass = "astro-ph.GA",
 keywords = {Astrophysics - Galaxy Astrophysics, Astrophysics - Cosmology and Extragalactic Astrophysics},
     year = 2014,
    month = feb,
   adsurl = {http://adsabs.harvard.edu/abs/2014arXiv1402.1496N},
  adsnote = {Provided by the SAO/NASA Astrophysics Data System}
}


@ARTICLE{Onions:12,
   author = {{Onions}, J. and {Knebe}, A. and {Pearce}, F.~R. and {Muldrew}, S.~I. and 
	{Lux}, H. and {Knollmann}, S.~R. and {Ascasibar}, Y. and {Behroozi}, P. and 
	{Elahi}, P. and {Han}, J. and {Maciejewski}, M. and {Merch{\'a}n}, M.~E. and 
	{Neyrinck}, M. and {Ruiz}, A.~N. and {Sgr{\'o}}, M.~A. and {Springel}, V. and 
	{Tweed}, D.},
    title = "{Subhaloes going Notts: the subhalo-finder comparison project}",
  journal = {\mnras},
archivePrefix = "arXiv",
   eprint = {1203.3695},
 primaryClass = "astro-ph.CO",
 keywords = {methods: numerical, galaxies: evolution, galaxies: haloes, cosmology: theory, dark matter},
     year = 2012,
    month = jun,
   volume = 423,
    pages = {1200-1214},
      doi = {10.1111/j.1365-2966.2012.20947.x},
   adsurl = {http://adsabs.harvard.edu/abs/2012MNRAS.423.1200O},
  adsnote = {Provided by the SAO/NASA Astrophysics Data System}
}

@ARTICLE{Diemand:08,
   author = {{Diemand}, J. and {Kuhlen}, M. and {Madau}, P. and {Zemp}, M. and 
	{Moore}, B. and {Potter}, D. and {Stadel}, J.},
    title = "{Clumps and streams in the local dark matter distribution}",
  journal = {\nat},
archivePrefix = "arXiv",
   eprint = {0805.1244},
     year = 2008,
    month = aug,
   volume = 454,
    pages = {735-738},
      doi = {10.1038/nature07153},
   adsurl = {http://adsabs.harvard.edu/abs/2008Natur.454..735D},
  adsnote = {Provided by the SAO/NASA Astrophysics Data System}
}


@ARTICLE{suyu:06,
   author = {{Suyu}, S.~H. and {Marshall}, P.~J. and {Hobson}, M.~P. and 
	{Blandford}, R.~D.},
    title = "{A Bayesian analysis of regularized source inversions in gravitational lensing}",
  journal = {\mnras},
   eprint = {astro-ph/0601493},
 keywords = {gravitational lensing: methods: data analysis, gravitational lensing, methods: data analysis},
     year = 2006,
    month = sep,
   volume = 371,
    pages = {983-998},
      doi = {10.1111/j.1365-2966.2006.10733.x},
   adsurl = {http://adsabs.harvard.edu/abs/2006MNRAS.371..983S},
  adsnote = {Provided by the SAO/NASA Astrophysics Data System}
}

@article{Petschow:12,
  author    = {Matthias Petschow and
               Elmar Peise and
               Paolo Bientinesi},
  title     = {High-Performance Solvers for Dense Hermitian Eigenproblems},
  journal   = {CoRR},
  volume    = {abs/1205.2107},
  year      = {2012},
  ee        = {http://arxiv.org/abs/1205.2107},
  bibsource = {DBLP, http://dblp.uni-trier.de}
}

@article{Poulson:2013,
 author = {Poulson, Jack and Marker, Bryan and van de Geijn, Robert A. and Hammond, Jeff R. and Romero, Nichols A.},
 title = {Elemental: A New Framework for Distributed Memory Dense Matrix Computations},
 journal = {ACM Trans. Math. Softw.},
 issue_date = {February 2013},
 volume = {39},
 number = {2},
 month = feb,
 year = {2013},
 issn = {0098-3500},
 pages = {13:1--13:24},
 articleno = {13},
 numpages = {24},
 url = {http://doi.acm.org/10.1145/2427023.2427030},
 doi = {10.1145/2427023.2427030},
 acmid = {2427030},
 publisher = {ACM},
 address = {New York, NY, USA},
 keywords = {Linear algebra, high-performance, libraries, parallel computing},
} 

@ARTICLE{Lovell:12,
   author = {{Lovell}, M.~R. and {Eke}, V. and {Frenk}, C.~S. and {Gao}, L. and 
	{Jenkins}, A. and {Theuns}, T. and {Wang}, J. and {White}, S.~D.~M. and 
	{Boyarsky}, A. and {Ruchayskiy}, O.},
    title = "{The haloes of bright satellite galaxies in a warm dark matter universe}",
  journal = {\mnras},
archivePrefix = "arXiv",
   eprint = {1104.2929},
 primaryClass = "astro-ph.CO",
 keywords = {galaxies: dwarf, dark matter},
     year = 2012,
    month = mar,
   volume = 420,
    pages = {2318-2324},
      doi = {10.1111/j.1365-2966.2011.20200.x},
   adsurl = {http://adsabs.harvard.edu/abs/2012MNRAS.420.2318L},
  adsnote = {Provided by the SAO/NASA Astrophysics Data System}
}

@ARTICLE{Rocha:13,
   author = {{Rocha}, M. and {Peter}, A.~H.~G. and {Bullock}, J.~S. and {Kaplinghat}, M. and 
	{Garrison-Kimmel}, S. and {O{\~n}orbe}, J. and {Moustakas}, L.~A.
	},
    title = "{Cosmological simulations with self-interacting dark matter - I. Constant-density cores and substructure}",
  journal = {\mnras},
archivePrefix = "arXiv",
   eprint = {1208.3025},
 primaryClass = "astro-ph.CO",
 keywords = {methods: numerical, galaxies: haloes, dark matter},
     year = 2013,
    month = mar,
   volume = 430,
    pages = {81-104},
      doi = {10.1093/mnras/sts514},
   adsurl = {http://adsabs.harvard.edu/abs/2013MNRAS.430...81R},
  adsnote = {Provided by the SAO/NASA Astrophysics Data System}
}


@ARTICLE{bussmann:13,
   author = {{Bussmann}, R.~S. and {P{\'e}rez-Fournon}, I. and {Amber}, S. and 
	{Calanog}, J. and {Gurwell}, M.~A. and {Dannerbauer}, H. and 
	{De Bernardis}, F. and {Fu}, H. and {Harris}, A.~I. and {Krips}, M. and 
	{Lapi}, A. and {Maiolino}, R. and {Omont}, A. and {Riechers}, D. and 
	{Wardlow}, J. and {Baker}, A.~J. and {Birkinshaw}, M. and {Bock}, J. and 
	{Bourne}, N. and {Clements}, D.~L. and {Cooray}, A. and {De Zotti}, G. and 
	{Dunne}, L. and {Dye}, S. and {Eales}, S. and {Farrah}, D. and 
	{Gavazzi}, R. and {Gonz{\'a}lez Nuevo}, J. and {Hopwood}, R. and 
	{Ibar}, E. and {Ivison}, R.~J. and {Laporte}, N. and {Maddox}, S. and 
	{Mart{\'{\i}}nez-Navajas}, P. and {Michalowski}, M. and {Negrello}, M. and 
	{Oliver}, S.~J. and {Roseboom}, I.~G. and {Scott}, D. and {Serjeant}, S. and 
	{Smith}, A.~J. and {Smith}, M. and {Streblyanska}, A. and {Valiante}, E. and 
	{van der Werf}, P. and {Verma}, A. and {Vieira}, J.~D. and {Wang}, L. and 
	{Wilner}, D.},
    title = "{Gravitational Lens Models Based on Submillimeter Array Imaging of Herschel-selected Strongly Lensed Sub-millimeter Galaxies at z {\gt} 1.5}",
  journal = {\apj},
archivePrefix = "arXiv",
   eprint = {1309.0836},
 primaryClass = "astro-ph.CO",
 keywords = {galaxies: evolution, galaxies: fundamental parameters, galaxies: halos, galaxies: high-redshift, gravitational lensing: strong },
     year = 2013,
    month = dec,
   volume = 779,
      eid = {25},
    pages = {25},
      doi = {10.1088/0004-637X/779/1/25},
   adsurl = {http://adsabs.harvard.edu/abs/2013ApJ...779...25B},
  adsnote = {Provided by the SAO/NASA Astrophysics Data System}
}


@ARTICLE{vieira:13,
   author = {{Vieira}, J.~D. and {Marrone}, D.~P. and {Chapman}, S.~C. and 
	{De Breuck}, C. and {Hezaveh}, Y.~D. and {Wei{$\beta$}}, A. and 
	{Aguirre}, J.~E. and {Aird}, K.~A. and {Aravena}, M. and {Ashby}, M.~L.~N. and 
	{Bayliss}, M. and {Benson}, B.~A. and {Biggs}, A.~D. and {Bleem}, L.~E. and 
	{Bock}, J.~J. and {Bothwell}, M. and {Bradford}, C.~M. and {Brodwin}, M. and 
	{Carlstrom}, J.~E. and {Chang}, C.~L. and {Crawford}, T.~M. and 
	{Crites}, A.~T. and {de Haan}, T. and {Dobbs}, M.~A. and {Fomalont}, E.~B. and 
	{Fassnacht}, C.~D. and {George}, E.~M. and {Gladders}, M.~D. and 
	{Gonzalez}, A.~H. and {Greve}, T.~R. and {Gullberg}, B. and 
	{Halverson}, N.~W. and {High}, F.~W. and {Holder}, G.~P. and 
	{Holzapfel}, W.~L. and {Hoover}, S. and {Hrubes}, J.~D. and 
	{Hunter}, T.~R. and {Keisler}, R. and {Lee}, A.~T. and {Leitch}, E.~M. and 
	{Lueker}, M. and {Luong-van}, D. and {Malkan}, M. and {McIntyre}, V. and 
	{McMahon}, J.~J. and {Mehl}, J. and {Menten}, K.~M. and {Meyer}, S.~S. and 
	{Mocanu}, L.~M. and {Murphy}, E.~J. and {Natoli}, T. and {Padin}, S. and 
	{Plagge}, T. and {Reichardt}, C.~L. and {Rest}, A. and {Ruel}, J. and 
	{Ruhl}, J.~E. and {Sharon}, K. and {Schaffer}, K.~K. and {Shaw}, L. and 
	{Shirokoff}, E. and {Spilker}, J.~S. and {Stalder}, B. and {Staniszewski}, Z. and 
	{Stark}, A.~A. and {Story}, K. and {Vanderlinde}, K. and {Welikala}, N. and 
	{Williamson}, R.},
    title = "{Dusty starburst galaxies in the early Universe as revealed by gravitational lensing}",
  journal = {\nat},
archivePrefix = "arXiv",
   eprint = {1303.2723},
 primaryClass = "astro-ph.CO",
     year = 2013,
    month = mar,
   volume = 495,
    pages = {344-347},
      doi = {10.1038/nature12001},
   adsurl = {http://adsabs.harvard.edu/abs/2013Natur.495..344V},
  adsnote = {Provided by the SAO/NASA Astrophysics Data System}
}

@ARTICLE{hezaveh:13a,
   author = {{Hezaveh}, Y. and {Dalal}, N. and {Holder}, G. and {Kuhlen}, M. and 
	{Marrone}, D. and {Murray}, N. and {Vieira}, J.},
    title = "{Dark Matter Substructure Detection Using Spatially Resolved Spectroscopy of Lensed Dusty Galaxies}",
  journal = {\apj},
archivePrefix = "arXiv",
   eprint = {1210.4562},
 primaryClass = "astro-ph.CO",
 keywords = {dark matter, galaxies: dwarf, galaxies: luminosity function, mass function, galaxies: structure, gravitational lensing: strong},
     year = 2013,
    month = apr,
   volume = 767,
      eid = {9},
    pages = {9},
      doi = {10.1088/0004-637X/767/1/9},
   adsurl = {http://adsabs.harvard.edu/abs/2013ApJ...767....9H},
  adsnote = {Provided by the SAO/NASA Astrophysics Data System}
}

@ARTICLE{hezaveh:13b,
   author = {{Hezaveh}, Y.~D. and {Marrone}, D.~P. and {Fassnacht}, C.~D. and 
	{Spilker}, J.~S. and {Vieira}, J.~D. and {Aguirre}, J.~E. and 
	{Aird}, K.~A. and {Aravena}, M. and {Ashby}, M.~L.~N. and {Bayliss}, M. and 
	{Benson}, B.~A. and {Bleem}, L.~E. and {Bothwell}, M. and {Brodwin}, M. and 
	{Carlstrom}, J.~E. and {Chang}, C.~L. and {Chapman}, S.~C. and 
	{Crawford}, T.~M. and {Crites}, A.~T. and {De Breuck}, C. and 
	{de Haan}, T. and {Dobbs}, M.~A. and {Fomalont}, E.~B. and {George}, E.~M. and 
	{Gladders}, M.~D. and {Gonzalez}, A.~H. and {Greve}, T.~R. and 
	{Halverson}, N.~W. and {High}, F.~W. and {Holder}, G.~P. and 
	{Holzapfel}, W.~L. and {Hoover}, S. and {Hrubes}, J.~D. and 
	{Husband}, K. and {Hunter}, T.~R. and {Keisler}, R. and {Lee}, A.~T. and 
	{Leitch}, E.~M. and {Lueker}, M. and {Luong-Van}, D. and {Malkan}, M. and 
	{McIntyre}, V. and {McMahon}, J.~J. and {Mehl}, J. and {Menten}, K.~M. and 
	{Meyer}, S.~S. and {Mocanu}, L.~M. and {Murphy}, E.~J. and {Natoli}, T. and 
	{Padin}, S. and {Plagge}, T. and {Reichardt}, C.~L. and {Rest}, A. and 
	{Ruel}, J. and {Ruhl}, J.~E. and {Sharon}, K. and {Schaffer}, K.~K. and 
	{Shaw}, L. and {Shirokoff}, E. and {Stalder}, B. and {Staniszewski}, Z. and 
	{Stark}, A.~A. and {Story}, K. and {Vanderlinde}, K. and {Wei{\ss}}, A. and 
	{Welikala}, N. and {Williamson}, R.},
    title = "{ALMA Observations of SPT-discovered, Strongly Lensed, Dusty, Star-forming Galaxies}",
  journal = {\apj},
archivePrefix = "arXiv",
   eprint = {1303.2722},
 primaryClass = "astro-ph.CO",
 keywords = {galaxies: high-redshift, galaxies: starburst, gravitational lensing: strong, techniques: interferometric},
     year = 2013,
    month = apr,
   volume = 767,
      eid = {132},
    pages = {132},
      doi = {10.1088/0004-637X/767/2/132},
   adsurl = {http://adsabs.harvard.edu/abs/2013ApJ...767..132H},
  adsnote = {Provided by the SAO/NASA Astrophysics Data System}
}

@ARTICLE{vegetti:10,
   author = {{Vegetti}, S. and {Koopmans}, L.~V.~E. and {Bolton}, A. and 
	{Treu}, T. and {Gavazzi}, R.},
    title = "{Detection of a dark substructure through gravitational imaging}",
  journal = {\mnras},
archivePrefix = "arXiv",
   eprint = {0910.0760},
 primaryClass = "astro-ph.CO",
 keywords = {gravitational lensing: strong, galaxies: structure},
     year = 2010,
    month = nov,
   volume = 408,
    pages = {1969-1981},
      doi = {10.1111/j.1365-2966.2010.16865.x},
   adsurl = {http://adsabs.harvard.edu/abs/2010MNRAS.408.1969V},
  adsnote = {Provided by the SAO/NASA Astrophysics Data System}
}


@ARTICLE{vegetti:09,
   author = {{Vegetti}, S. and {Koopmans}, L.~V.~E.},
    title = "{Bayesian strong gravitational-lens modelling on adaptive grids: objective detection of mass substructure in Galaxies}",
  journal = {\mnras},
archivePrefix = "arXiv",
   eprint = {0805.0201},
 keywords = {gravitational lensing , galaxies: haloes , galaxies: structure , dark matter},
     year = 2009,
    month = jan,
   volume = 392,
    pages = {945-963},
      doi = {10.1111/j.1365-2966.2008.14005.x},
   adsurl = {http://adsabs.harvard.edu/abs/2009MNRAS.392..945V},
  adsnote = {Provided by the SAO/NASA Astrophysics Data System}
}

@ARTICLE{vegetti:12,
   author = {{Vegetti}, S. and {Lagattuta}, D.~J. and {McKean}, J.~P. and 
	{Auger}, M.~W. and {Fassnacht}, C.~D. and {Koopmans}, L.~V.~E.
	},
    title = "{Gravitational detection of a low-mass dark satellite galaxy at cosmological distance}",
  journal = {\nat},
archivePrefix = "arXiv",
   eprint = {1201.3643},
 primaryClass = "astro-ph.CO",
     year = 2012,
    month = jan,
   volume = 481,
    pages = {341-343},
      doi = {10.1038/nature10669},
   adsurl = {http://adsabs.harvard.edu/abs/2012Natur.481..341V},
  adsnote = {Provided by the SAO/NASA Astrophysics Data System}
}


@ARTICLE{dalal:02,
   author = {{Dalal}, N. and {Kochanek}, C.~S.},
    title = "{Direct Detection of Cold Dark Matter Substructure}",
  journal = {\apj},
   eprint = {astro-ph/0111456},
 keywords = {Cosmology: Theory, Cosmology: Dark Matter, Galaxies: Formation, Cosmology: Gravitational Lensing, Cosmology: Large-Scale Structure of Universe},
     year = 2002,
    month = jun,
   volume = 572,
    pages = {25-33},
      doi = {10.1086/340303},
   adsurl = {http://adsabs.harvard.edu/abs/2002ApJ...572...25D},
  adsnote = {Provided by the SAO/NASA Astrophysics Data System}
}


@ARTICLE{lacey:10,
   author = {{Lacey}, C.~G. and {Baugh}, C.~M. and {Frenk}, C.~S. and {Benson}, A.~J. and 
	{Orsi}, A. and {Silva}, L. and {Granato}, G.~L. and {Bressan}, A.
	},
    title = "{Predictions for Herschel from {$\Lambda$}-cold dark matter: unveiling the cosmic star formation history}",
  journal = {\mnras},
archivePrefix = "arXiv",
   eprint = {0909.1567},
 primaryClass = "astro-ph.CO",
 keywords = {dust, extinction, ISM: evolution, galaxies: evolution, galaxies: formation, galaxies: high-redshift, infrared: galaxies},
     year = 2010,
    month = jun,
   volume = 405,
    pages = {2-28},
      doi = {10.1111/j.1365-2966.2010.16463.x},
   adsurl = {http://adsabs.harvard.edu/abs/2010MNRAS.405....2L},
  adsnote = {Provided by the SAO/NASA Astrophysics Data System}
}

@ARTICLE{marsden:11,
   author = {{Marsden}, G. and {Chapin}, E.~L. and {Halpern}, M. and {Patanchon}, G. and 
	{Scott}, D. and {Truch}, M.~D.~P. and {Valiante}, E. and {Viero}, M.~P. and 
	{Wiebe}, D.~V.},
    title = "{A Monte Carlo approach to evolution of the far-infrared luminosity function with BLAST}",
  journal = {\mnras},
archivePrefix = "arXiv",
   eprint = {1010.1176},
 primaryClass = "astro-ph.CO",
 keywords = {stars: formation, galaxies: evolution, galaxies: high-redshift, submillimetre: galaxies},
     year = 2011,
    month = oct,
   volume = 417,
    pages = {1192-1209},
      doi = {10.1111/j.1365-2966.2011.19336.x},
   adsurl = {http://adsabs.harvard.edu/abs/2011MNRAS.417.1192M},
  adsnote = {Provided by the SAO/NASA Astrophysics Data System}
}


@ARTICLE{lestrade:10,
   author = {{Lestrade}, J.-F. and {Combes}, F. and {Salom{\'e}}, P. and 
	{Omont}, A. and {Bertoldi}, F. and {Andr{\'e}}, P. and {Schneider}, N.
	},
    title = "{Discovery of an extremely bright submillimeter galaxy at z = 3.93}",
  journal = {\aap},
archivePrefix = "arXiv",
   eprint = {1009.0449},
 primaryClass = "astro-ph.CO",
 keywords = {galaxies: evolution, galaxies: high-redshift, galaxies: ISM, infrared: galaxies, submillimeter: galaxies},
     year = 2010,
    month = nov,
   volume = 522,
      eid = {L4},
    pages = {L4},
      doi = {10.1051/0004-6361/201015673},
   adsurl = {http://adsabs.harvard.edu/abs/2010A%26A...522L...4L},
  adsnote = {Provided by the SAO/NASA Astrophysics Data System}
}

@ARTICLE{riechers:10,
   author = {{Riechers}, D.~A. and {Wei{\ss}}, A. and {Walter}, F. and {Wagg}, J.
	},
    title = "{Dense Molecular Gas Excitation in Nuclear Starbursts at High Redshift: HCN, HNC, and HCO$^{+}$(J = 6{\rarr}5) Emission in the z = 3.91 Quasar Host of APM 08279+5255}",
  journal = {\apj},
archivePrefix = "arXiv",
   eprint = {1010.2485},
 primaryClass = "astro-ph.CO",
 keywords = {cosmology: observations, galaxies: active, galaxies: formation, galaxies: high-redshift, galaxies: starburst, radio lines: galaxies},
     year = 2010,
    month = dec,
   volume = 725,
    pages = {1032-1039},
      doi = {10.1088/0004-637X/725/1/1032},
   adsurl = {http://adsabs.harvard.edu/abs/2010ApJ...725.1032R},
  adsnote = {Provided by the SAO/NASA Astrophysics Data System}
}

@ARTICLE{frayer:11,
   author = {{Frayer}, D.~T. and {Harris}, A.~I. and {Baker}, A.~J. and {Ivison}, R.~J. and 
	{Smail}, I. and {Negrello}, M. and {Maddalena}, R. and {Aretxaga}, I. and 
	{Baes}, M. and {Birkinshaw}, M. and {Bonfield}, D.~G. and {Burgarella}, D. and 
	{Buttiglione}, S. and {Cava}, A. and {Clements}, D.~L. and {Cooray}, A. and 
	{Dannerbauer}, H. and {Dariush}, A. and {De Zotti}, G. and {Dunlop}, J.~S. and 
	{Dunne}, L. and {Dye}, S. and {Eales}, S. and {Fritz}, J. and 
	{Gonzalez-Nuevo}, J. and {Herranz}, D. and {Hopwood}, R. and 
	{Hughes}, D.~H. and {Ibar}, E. and {Jarvis}, M.~J. and {Lagache}, G. and 
	{Leeuw}, L.~L. and {Lopez-Caniego}, M. and {Maddox}, S. and 
	{Micha{\l}owski}, M.~J. and {Omont}, A. and {Pohlen}, M. and 
	{Rigby}, E. and {Rodighiero}, G. and {Scott}, D. and {Serjeant}, S. and 
	{Smith}, D.~J.~B. and {Swinbank}, A.~M. and {Temi}, P. and {Thompson}, M.~A. and 
	{Valtchanov}, I. and {van der Werf}, P.~P. and {Verma}, A.},
    title = "{Green Bank Telescope Zpectrometer CO(1-0) Observations of the Strongly Lensed Submillimeter Galaxies from the Herschel ATLAS}",
  journal = {\apjl},
archivePrefix = "arXiv",
   eprint = {1009.2194},
 primaryClass = "astro-ph.CO",
 keywords = {galaxies: evolution, galaxies: formation, galaxies: individual: SDP.81: H-ATLAS J090311.6+003906 SDP.130: H-ATLAS J091305.0{\ndash}005343, galaxies: starburst},
     year = 2011,
    month = jan,
   volume = 726,
      eid = {L22},
    pages = {L22},
      doi = {10.1088/2041-8205/726/2/L22},
   adsurl = {http://adsabs.harvard.edu/abs/2011ApJ...726L..22F},
  adsnote = {Provided by the SAO/NASA Astrophysics Data System}
}

@ARTICLE{lestrade:11,
   author = {{Lestrade}, J.-F. and {Carilli}, C.~L. and {Thanjavur}, K. and 
	{Kneib}, J.-P. and {Riechers}, D.~A. and {Bertoldi}, F. and 
	{Walter}, F. and {Omont}, A.},
    title = "{A Molecular Einstein Ring Toward the z = 3.93 Submillimeter Galaxy MM18423+5938}",
  journal = {\apjl},
archivePrefix = "arXiv",
   eprint = {1106.1432},
 primaryClass = "astro-ph.GA",
 keywords = {galaxies: evolution, galaxies: high-redshift, galaxies: ISM, galaxies: starburst, gravitational lensing: strong, submillimeter: galaxies},
     year = 2011,
    month = sep,
   volume = 739,
      eid = {L30},
    pages = {L30},
      doi = {10.1088/2041-8205/739/1/L30},
   adsurl = {http://adsabs.harvard.edu/abs/2011ApJ...739L..30L},
  adsnote = {Provided by the SAO/NASA Astrophysics Data System}
}

@ARTICLE{fu:12,
   author = {{Fu}, H. and {Jullo}, E. and {Cooray}, A. and {Bussmann}, R.~S. and 
	{Ivison}, R.~J. and {Perez-Fournon}, I. and {Djorgovski}, S.~G. and 
	{Scoville}, N. and {Yan}, L. and {Riechers}, D.~A. and {Aguirre}, J. and 
	{Auld}, R. and {Baes}, M. and {Baker}, A.~J. and {Bradford}, M. and 
	{Cava}, A. and {Clements}, D.~L. and {Dannerbauer}, H. and {Dariush}, A. and 
	{De Zotti}, G. and {Dole}, H. and {Dunne}, L. and {Dye}, S. and 
	{Eales}, S. and {Frayer}, D. and {Gavazzi}, R. and {Gurwell}, M. and 
	{Harris}, A.~I. and {Herranz}, D. and {Hopwood}, R. and {Hoyos}, C. and 
	{Ibar}, E. and {Jarvis}, M.~J. and {Kim}, S. and {Leeuw}, L. and 
	{Lupu}, R. and {Maddox}, S. and {Martinez-Navajas}, P. and {Michalowski}, M.~J. and 
	{Negrello}, M. and {Omont}, A. and {Rosenman}, M. and {Scott}, D. and 
	{Serjeant}, S. and {Smail}, I. and {Swinbank}, A.~M. and {Valiante}, E. and 
	{Verma}, A. and {Vieira}, J. and {Wardlow}, J.~L. and {van der Werf}, P.
	},
    title = "{A Comprehensive View of a Strongly Lensed Planck-Associated Submillimeter Galaxy}",
  journal = {ArXiv e-prints},
archivePrefix = "arXiv",
   eprint = {1202.1829},
 primaryClass = "astro-ph.CO",
 keywords = {Astrophysics - Cosmology and Extragalactic Astrophysics},
     year = 2012,
    month = feb,
   adsurl = {http://adsabs.harvard.edu/abs/2012arXiv1202.1829F},
  adsnote = {Provided by the SAO/NASA Astrophysics Data System}
}

@ARTICLE{hezaveh:11,
   author = {{Hezaveh}, Y.~D. and {Holder}, G.~P.},
    title = "{Effects of Strong Gravitational Lensing on Millimeter-wave Galaxy Number Counts}",
  journal = {\apj},
archivePrefix = "arXiv",
   eprint = {1010.0998},
 primaryClass = "astro-ph.CO",
 keywords = {galaxies: high-redshift, galaxies: luminosity function, mass function, galaxies: structure, gravitational lensing: strong, methods: statistical, submillimeter: galaxies},
     year = 2011,
    month = jun,
   volume = 734,
      eid = {52},
    pages = {52},
      doi = {10.1088/0004-637X/734/1/52},
   adsurl = {http://adsabs.harvard.edu/abs/2011ApJ...734...52H},
  adsnote = {Provided by the SAO/NASA Astrophysics Data System}
}

@ARTICLE{negrello:10,
   author = {{Negrello}, M. and {Hopwood}, R. and {De Zotti}, G. and {Cooray}, A. and 
	{Verma}, A. and {Bock}, J. and {Frayer}, D.~T. and {Gurwell}, M.~A. and 
	{Omont}, A. and {Neri}, R. and {Dannerbauer}, H. and {Leeuw}, L.~L. and 
	{Barton}, E. and {Cooke}, J. and {Kim}, S. and {da Cunha}, E. and 
	{Rodighiero}, G. and {Cox}, P. and {Bonfield}, D.~G. and {Jarvis}, M.~J. and 
	{Serjeant}, S. and {Ivison}, R.~J. and {Dye}, S. and {Aretxaga}, I. and 
	{Hughes}, D.~H. and {Ibar}, E. and {Bertoldi}, F. and {Valtchanov}, I. and 
	{Eales}, S. and {Dunne}, L. and {Driver}, S.~P. and {Auld}, R. and 
	{Buttiglione}, S. and {Cava}, A. and {Grady}, C.~A. and {Clements}, D.~L. and 
	{Dariush}, A. and {Fritz}, J. and {Hill}, D. and {Hornbeck}, J.~B. and 
	{Kelvin}, L. and {Lagache}, G. and {Lopez-Caniego}, M. and {Gonzalez-Nuevo}, J. and 
	{Maddox}, S. and {Pascale}, E. and {Pohlen}, M. and {Rigby}, E.~E. and 
	{Robotham}, A. and {Simpson}, C. and {Smith}, D.~J.~B. and {Temi}, P. and 
	{Thompson}, M.~A. and {Woodgate}, B.~E. and {York}, D.~G. and 
	{Aguirre}, J.~E. and {Beelen}, A. and {Blain}, A. and {Baker}, A.~J. and 
	{Birkinshaw}, M. and {Blundell}, R. and {Bradford}, C.~M. and 
	{Burgarella}, D. and {Danese}, L. and {Dunlop}, J.~S. and {Fleuren}, S. and 
	{Glenn}, J. and {Harris}, A.~I. and {Kamenetzky}, J. and {Lupu}, R.~E. and 
	{Maddalena}, R.~J. and {Madore}, B.~F. and {Maloney}, P.~R. and 
	{Matsuhara}, H. and {Michaowski}, M.~J. and {Murphy}, E.~J. and 
	{Naylor}, B.~J. and {Nguyen}, H. and {Popescu}, C. and {Rawlings}, S. and 
	{Rigopoulou}, D. and {Scott}, D. and {Scott}, K.~S. and {Seibert}, M. and 
	{Smail}, I. and {Tuffs}, R.~J. and {Vieira}, J.~D. and {van der Werf}, P.~P. and 
	{Zmuidzinas}, J.},
    title = "{The Detection of a Population of Submillimeter-Bright, Strongly Lensed Galaxies}",
  journal = {Science},
archivePrefix = "arXiv",
   eprint = {1011.1255},
 primaryClass = "astro-ph.CO",
     year = 2010,
    month = nov,
   volume = 330,
    pages = {800-},
      doi = {10.1126/science.1193420},
   adsurl = {http://adsabs.harvard.edu/abs/2010Sci...330..800N},
  adsnote = {Provided by the SAO/NASA Astrophysics Data System}
}

@ARTICLE{vieira:10,
   author = {{Vieira}, J.~D. and {Crawford}, T.~M. and {Switzer}, E.~R. and 
	{Ade}, P.~A.~R. and {Aird}, K.~A. and {Ashby}, M.~L.~N. and 
	{Benson}, B.~A. and {Bleem}, L.~E. and {Brodwin}, M. and {Carlstrom}, J.~E. and 
	{Chang}, C.~L. and {Cho}, H.-M. and {Crites}, A.~T. and {de Haan}, T. and 
	{Dobbs}, M.~A. and {Everett}, W. and {George}, E.~M. and {Gladders}, M. and 
	{Hall}, N.~R. and {Halverson}, N.~W. and {High}, F.~W. and {Holder}, G.~P. and 
	{Holzapfel}, W.~L. and {Hrubes}, J.~D. and {Joy}, M. and {Keisler}, R. and 
	{Knox}, L. and {Lee}, A.~T. and {Leitch}, E.~M. and {Lueker}, M. and 
	{Marrone}, D.~P. and {McIntyre}, V. and {McMahon}, J.~J. and 
	{Mehl}, J. and {Meyer}, S.~S. and {Mohr}, J.~J. and {Montroy}, T.~E. and 
	{Padin}, S. and {Plagge}, T. and {Pryke}, C. and {Reichardt}, C.~L. and 
	{Ruhl}, J.~E. and {Schaffer}, K.~K. and {Shaw}, L. and {Shirokoff}, E. and 
	{Spieler}, H.~G. and {Stalder}, B. and {Staniszewski}, Z. and 
	{Stark}, A.~A. and {Vanderlinde}, K. and {Walsh}, W. and {Williamson}, R. and 
	{Yang}, Y. and {Zahn}, O. and {Zenteno}, A.},
    title = "{Extragalactic Millimeter-wave Sources in South Pole Telescope Survey Data: Source Counts, Catalog, and Statistics for an 87 Square-degree Field}",
  journal = {\apj},
archivePrefix = "arXiv",
   eprint = {0912.2338},
 primaryClass = "astro-ph.CO",
 keywords = {galaxies: high-redshift, submillimeter: galaxies, surveys},
     year = 2010,
    month = aug,
   volume = 719,
    pages = {763-783},
      doi = {10.1088/0004-637X/719/1/763},
   adsurl = {http://adsabs.harvard.edu/abs/2010ApJ...719..763V},
  adsnote = {Provided by the SAO/NASA Astrophysics Data System}
}

@ARTICLE{swinbank:10,
   author = {{Swinbank}, A.~M. and {Smail}, I. and {Longmore}, S. and {Harris}, A.~I. and 
	{Baker}, A.~J. and {De Breuck}, C. and {Richard}, J. and {Edge}, A.~C. and 
	{Ivison}, R.~J. and {Blundell}, R. and {Coppin}, K.~E.~K. and 
	{Cox}, P. and {Gurwell}, M. and {Hainline}, L.~J. and {Krips}, M. and 
	{Lundgren}, A. and {Neri}, R. and {Siana}, B. and {Siringo}, G. and 
	{Stark}, D.~P. and {Wilner}, D. and {Younger}, J.~D.},
    title = "{Intense star formation within resolved compact regions in a galaxy at z = 2.3}",
  journal = {\nat},
archivePrefix = "arXiv",
   eprint = {1003.3674},
 primaryClass = "astro-ph.CO",
     year = 2010,
    month = apr,
   volume = 464,
    pages = {733-736},
      doi = {10.1038/nature08880},
   adsurl = {http://adsabs.harvard.edu/abs/2010Natur.464..733S},
  adsnote = {Provided by the SAO/NASA Astrophysics Data System}
}



@ARTICLE{negrello:07,
   author = {{Negrello}, M. and {Perrotta}, F. and {Gonz{\'a}lez-Nuevo}, J. and 
	{Silva}, L. and {de Zotti}, G. and {Granato}, G.~L. and {Baccigalupi}, C. and 
	{Danese}, L.},
    title = "{Astrophysical and cosmological information from large-scale submillimetre surveys of extragalactic sources}",
  journal = {\mnras},
   eprint = {arXiv:astro-ph/0703210},
 keywords = {gravitational lensing, galaxies: evolution, cosmology: observations, submillimetre},
     year = 2007,
    month = jun,
   volume = 377,
    pages = {1557-1568},
      doi = {10.1111/j.1365-2966.2007.11708.x},
   adsurl = {http://adsabs.harvard.edu/abs/2007MNRAS.377.1557N},
  adsnote = {Provided by the SAO/NASA Astrophysics Data System}
}

@ARTICLE{sheth:99,
   author = {{Sheth}, R.~K. and {Tormen}, G.},
    title = "{Large-scale bias and the peak background split}",
  journal = {\mnras},
   eprint = {arXiv:astro-ph/9901122},
     year = 1999,
    month = sep,
   volume = 308,
    pages = {119-126},
      doi = {10.1046/j.1365-8711.1999.02692.x},
   adsurl = {http://adsabs.harvard.edu/abs/1999MNRAS.308..119S},
  adsnote = {Provided by the SAO/NASA Astrophysics Data System}
}

@ARTICLE{blain:99,
   author = {{Blain}, A.~W.},
    title = "{The differential magnification of high-redshift ultraluminous infrared galaxies}",
  journal = {\mnras},
   eprint = {arXiv:astro-ph/9903221},
 keywords = {GALAXIES: ACTIVE, GALAXIES: INDIVIDUAL: APM 08279+5255, GALAXIES: INDIVIDUAL: H1413+117, GALAXIES: INDIVIDUAL: IRAS F10214+4724, COSMOLOGY: OBSERVATIONS, GRAVITATIONAL LENSING},
     year = 1999,
    month = apr,
   volume = 304,
    pages = {669-673},
      doi = {10.1046/j.1365-8711.1999.02426.x},
   adsurl = {http://adsabs.harvard.edu/abs/1999MNRAS.304..669B},
  adsnote = {Provided by the SAO/NASA Astrophysics Data System}
}

@ARTICLE{eales:99,
   author = {{Eales}, S. and {Lilly}, S. and {Gear}, W. and {Dunne}, L. and 
	{Bond}, J.~R. and {Hammer}, F. and {Le F{\`e}vre}, O. and {Crampton}, D.
	},
    title = "{The Canada-UK Deep Submillimeter Survey: First Submillimeter Images, the Source Counts, and Resolution of the Background}",
  journal = {\apj},
   eprint = {arXiv:astro-ph/9808040},
 keywords = {COSMOLOGY: OBSERVATIONS, GALAXIES: EVOLUTION, GALAXIES: STATISTICS, INFRARED: GALAXIES, SUBMILLIMETER, SURVEYS},
     year = 1999,
    month = apr,
   volume = 515,
    pages = {518-524},
      doi = {10.1086/307069},
   adsurl = {http://adsabs.harvard.edu/abs/1999ApJ...515..518E},
  adsnote = {Provided by the SAO/NASA Astrophysics Data System}
}

@ARTICLE{barger:98,
   author = {{Barger}, A.~J. and {Cowie}, L.~L. and {Sanders}, D.~B. and 
	{Fulton}, E. and {Taniguchi}, Y. and {Sato}, Y. and {Kawara}, K. and 
	{Okuda}, H.},
    title = "{Submillimetre-wavelength detection of dusty star-forming galaxies at high redshift}",
  journal = {\nat},
     year = 1998,
    month = jul,
   volume = 394,
    pages = {248-251},
      doi = {10.1038/28338},
   adsurl = {http://adsabs.harvard.edu/abs/1998Natur.394..248B},
  adsnote = {Provided by the SAO/NASA Astrophysics Data System}
}

@ARTICLE{hughes:98,
   author = {{Hughes}, D.~H. and {Serjeant}, S. and {Dunlop}, J. and {Rowan-Robinson}, M. and 
	{Blain}, A. and {Mann}, R.~G. and {Ivison}, R. and {Peacock}, J. and 
	{Efstathiou}, A. and {Gear}, W. and {Oliver}, S. and {Lawrence}, A. and 
	{Longair}, M. and {Goldschmidt}, P. and {Jenness}, T.},
    title = "{High-redshift star formation in the Hubble Deep Field revealed by a submillimetre-wavelength survey}",
  journal = {\nat},
   eprint = {arXiv:astro-ph/9806297},
     year = 1998,
    month = jul,
   volume = 394,
    pages = {241-247},
      doi = {10.1038/28328},
   adsurl = {http://adsabs.harvard.edu/abs/1998Natur.394..241H},
  adsnote = {Provided by the SAO/NASA Astrophysics Data System}
}

@ARTICLE{smail:97,
   author = {{Smail}, I. and {Ivison}, R.~J. and {Blain}, A.~W.},
    title = "{A Deep Sub-millimeter Survey of Lensing Clusters: A New Window on Galaxy Formation and Evolution}",
  journal = {\apjl},
   eprint = {arXiv:astro-ph/9708135},
 keywords = {COSMOLOGY: OBSERVATIONS, COSMOLOGY: EARLY UNIVERSE, GALAXIES: EVOLUTION, GALAXIES: FORMATION, COSMOLOGY: GRAVITATIONAL LENSING, RADIO CONTINUUM: GALAXIES},
     year = 1997,
    month = nov,
   volume = 490,
    pages = {L5},
      doi = {10.1086/311017},
   adsurl = {http://adsabs.harvard.edu/abs/1997ApJ...490L...5S},
  adsnote = {Provided by the SAO/NASA Astrophysics Data System}
}

@ARTICLE{downes:95,
   author = {{Downes}, D. and {Solomon}, P.~M. and {Radford}, S.~J.~E.},
    title = "{New Observations and a New Interpretation of CO(3--2) in IRAS F10214+4724}",
  journal = {\apjl},
   eprint = {arXiv:astro-ph/9508130},
 keywords = {GALAXIES: SEYFERT, GALAXIES: INDIVIDUAL ALPHANUMERIC: IRAS F10214+4724, GALAXIES: ACTIVE, GALAXIES: ISM, COSMOLOGY: GRAVITATIONAL LENSING, RADIO LINES: GALAXIES},
     year = 1995,
    month = nov,
   volume = 453,
    pages = {L65},
      doi = {10.1086/309754},
   adsurl = {http://adsabs.harvard.edu/abs/1995ApJ...453L..65D},
  adsnote = {Provided by the SAO/NASA Astrophysics Data System}
}

@ARTICLE{blandford:92,
   author = {{Blandford}, R.~D. and {Narayan}, R.},
    title = "{Cosmological applications of gravitational lensing}",
  journal = {\araa},
 keywords = {COSMOLOGY, DARK MATTER, GALACTIC CLUSTERS, GRAVITATIONAL LENSES, HUBBLE CONSTANT, QUASARS, HUBBLE SPACE TELESCOPE, RED SHIFT, SKY SURVEYS (ASTRONOMY), VERY LONG BASE INTERFEROMETRY},
     year = 1992,
   volume = 30,
    pages = {311-358},
      doi = {10.1146/annurev.aa.30.090192.001523},
   adsurl = {http://adsabs.harvard.edu/abs/1992ARA%26A..30..311B},
  adsnote = {Provided by the SAO/NASA Astrophysics Data System}
}

@ARTICLE{Marriage:11,
   author = {{Marriage}, T.~A. and {Acquaviva}, V. and {Ade}, P.~A.~R. and 
	{Aguirre}, P. and {Amiri}, M. and {Appel}, J.~W. and {Barrientos}, L.~F. and 
	{Battistelli}, E.~S. and {Bond}, J.~R. and {Brown}, B. and {Burger}, B. and 
	{Chervenak}, J. and {Das}, S. and {Devlin}, M.~J. and {Dicker}, S.~R. and 
	{Bertrand Doriese}, W. and {Dunkley}, J. and {D{\"u}nner}, R. and 
	{Essinger-Hileman}, T. and {Fisher}, R.~P. and {Fowler}, J.~W. and 
	{Hajian}, A. and {Halpern}, M. and {Hasselfield}, M. and {Hern{\'a}ndez-Monteagudo}, C. and 
	{Hilton}, G.~C. and {Hilton}, M. and {Hincks}, A.~D. and {Hlozek}, R. and 
	{Huffenberger}, K.~M. and {Handel Hughes}, D. and {Hughes}, J.~P. and 
	{Infante}, L. and {Irwin}, K.~D. and {Baptiste Juin}, J. and 
	{Kaul}, M. and {Klein}, J. and {Kosowsky}, A. and {Lau}, J.~M. and 
	{Limon}, M. and {Lin}, Y.-T. and {Lupton}, R.~H. and {Marsden}, D. and 
	{Martocci}, K. and {Mauskopf}, P. and {Menanteau}, F. and {Moodley}, K. and 
	{Moseley}, H. and {Netterfield}, C.~B. and {Niemack}, M.~D. and 
	{Nolta}, M.~R. and {Page}, L.~A. and {Parker}, L. and {Partridge}, B. and 
	{Quintana}, H. and {Reese}, E.~D. and {Reid}, B. and {Sehgal}, N. and 
	{Sherwin}, B.~D. and {Sievers}, J. and {Spergel}, D.~N. and 
	{Staggs}, S.~T. and {Swetz}, D.~S. and {Switzer}, E.~R. and 
	{Thornton}, R. and {Trac}, H. and {Tucker}, C. and {Warne}, R. and 
	{Wilson}, G. and {Wollack}, E. and {Zhao}, Y.},
    title = "{The Atacama Cosmology Telescope: Sunyaev-Zel'dovich-Selected Galaxy Clusters at 148 GHz in the 2008 Survey}",
  journal = {\apj},
archivePrefix = "arXiv",
   eprint = {1010.1065},
 primaryClass = "astro-ph.CO",
 keywords = {cosmic background radiation, cosmology: observations, galaxies: clusters: general, radio continuum: general, surveys},
     year = 2011,
    month = aug,
   volume = 737,
      eid = {61},
    pages = {61},
      doi = {10.1088/0004-637X/737/2/61},
   adsurl = {http://adsabs.harvard.edu/abs/2011ApJ...737...61M},
  adsnote = {Provided by the SAO/NASA Astrophysics Data System}
}


@ARTICLE{Vanderlinde:10,
   author = {{Vanderlinde}, K. and {Crawford}, T.~M. and {de Haan}, T. and 
	{Dudley}, J.~P. and {Shaw}, L. and {Ade}, P.~A.~R. and {Aird}, K.~A. and 
	{Benson}, B.~A. and {Bleem}, L.~E. and {Brodwin}, M. and {Carlstrom}, J.~E. and 
	{Chang}, C.~L. and {Crites}, A.~T. and {Desai}, S. and {Dobbs}, M.~A. and 
	{Foley}, R.~J. and {George}, E.~M. and {Gladders}, M.~D. and 
	{Hall}, N.~R. and {Halverson}, N.~W. and {High}, F.~W. and {Holder}, G.~P. and 
	{Holzapfel}, W.~L. and {Hrubes}, J.~D. and {Joy}, M. and {Keisler}, R. and 
	{Knox}, L. and {Lee}, A.~T. and {Leitch}, E.~M. and {Loehr}, A. and 
	{Lueker}, M. and {Marrone}, D.~P. and {McMahon}, J.~J. and {Mehl}, J. and 
	{Meyer}, S.~S. and {Mohr}, J.~J. and {Montroy}, T.~E. and {Ngeow}, C.-C. and 
	{Padin}, S. and {Plagge}, T. and {Pryke}, C. and {Reichardt}, C.~L. and 
	{Rest}, A. and {Ruel}, J. and {Ruhl}, J.~E. and {Schaffer}, K.~K. and 
	{Shirokoff}, E. and {Song}, J. and {Spieler}, H.~G. and {Stalder}, B. and 
	{Staniszewski}, Z. and {Stark}, A.~A. and {Stubbs}, C.~W. and 
	{van Engelen}, A. and {Vieira}, J.~D. and {Williamson}, R. and 
	{Yang}, Y. and {Zahn}, O. and {Zenteno}, A.},
    title = "{Galaxy Clusters Selected with the Sunyaev-Zel'dovich Effect from 2008 South Pole Telescope Observations}",
  journal = {\apj},
archivePrefix = "arXiv",
   eprint = {1003.0003},
 primaryClass = "astro-ph.CO",
 keywords = {cosmology: observations, galaxies: clusters: general},
     year = 2010,
    month = oct,
   volume = 722,
    pages = {1180-1196},
      doi = {10.1088/0004-637X/722/2/1180},
   adsurl = {http://adsabs.harvard.edu/abs/2010ApJ...722.1180V},
  adsnote = {Provided by the SAO/NASA Astrophysics Data System}
}

@ARTICLE{Wang:98,
   author = {{Wang}, L. and {Steinhardt}, P.~J.},
    title = "{Cluster Abundance Constraints for Cosmological Models with a Time-varying, Spatially Inhomogeneous Energy Component with Negative Pressure}",
  journal = {\apj},
   eprint = {arXiv:astro-ph/9804015},
 keywords = {COSMOLOGY: THEORY, COSMOLOGY: DARK MATTER, GALAXIES: CLUSTERS: GENERAL, COSMOLOGY: LARGE-SCALE STRUCTURE OF UNIVERSE, X-RAYS: GALAXIES},
     year = 1998,
    month = dec,
   volume = 508,
    pages = {483-490},
      doi = {10.1086/306436},
   adsurl = {http://adsabs.harvard.edu/abs/1998ApJ...508..483W},
  adsnote = {Provided by the SAO/NASA Astrophysics Data System}
}


@ARTICLE{Holder:01,
   author = {{Holder}, G. and {Haiman}, Z. and {Mohr}, J.~J.},
    title = "{Constraints on {$\Omega$}$_{m}$, {$\Omega$}$_{?}$, and {$\sigma$}$_{8}$ from Galaxy Cluster Redshift Distributions}",
  journal = {\apjl},
   eprint = {arXiv:astro-ph/0105396},
 keywords = {Cosmology: Cosmic Microwave Background, Cosmology: Cosmological Parameters, Cosmology: Theory, Cosmology: Large-Scale Structure of Universe},
     year = 2001,
    month = oct,
   volume = 560,
    pages = {L111-L114},
      doi = {10.1086/324309},
   adsurl = {http://adsabs.harvard.edu/abs/2001ApJ...560L.111H},
  adsnote = {Provided by the SAO/NASA Astrophysics Data System}
}

@ARTICLE{Sunyaev:72,
   author = {{Sunyaev}, R.~A. and {Zeldovich}, Y.~B.},
    title = "{The Observations of Relic Radiation as a Test of the Nature of X-Ray Radiation from the Clusters of Galaxies}",
  journal = {Comments on Astrophysics and Space Physics},
 keywords = {Cosmology, Microwave Background Radiation, Clusters of Galaxies, X-Ray Astronomy, Intergalactic Gas},
     year = 1972,
    month = nov,
   volume = 4,
    pages = {173},
   adsurl = {http://adsabs.harvard.edu/abs/1972CoASP...4..173S},
  adsnote = {Provided by the SAO/NASA Astrophysics Data System}
}


@ARTICLE{Carlstrom:11,
   author = {{Carlstrom}, J.~E. and {Ade}, P.~A.~R. and {Aird}, K.~A. and 
	{Benson}, B.~A. and {Bleem}, L.~E. and {Busetti}, S. and {Chang}, C.~L. and 
	{Chauvin}, E. and {Cho}, H.-M. and {Crawford}, T.~M. and {Crites}, A.~T. and 
	{Dobbs}, M.~A. and {Halverson}, N.~W. and {Heimsath}, S. and 
	{Holzapfel}, W.~L. and {Hrubes}, J.~D. and {Joy}, M. and {Keisler}, R. and 
	{Lanting}, T.~M. and {Lee}, A.~T. and {Leitch}, E.~M. and {Leong}, J. and 
	{Lu}, W. and {Lueker}, M. and {Luong-van}, D. and {McMahon}, J.~J. and 
	{Mehl}, J. and {Meyer}, S.~S. and {Mohr}, J.~J. and {Montroy}, T.~E. and 
	{Padin}, S. and {Plagge}, T. and {Pryke}, C. and {Ruhl}, J.~E. and 
	{Schaffer}, K.~K. and {Schwan}, D. and {Shirokoff}, E. and {Spieler}, H.~G. and 
	{Staniszewski}, Z. and {Stark}, A.~A. and {Tucker}, C. and {Vanderlinde}, K. and 
	{Vieira}, J.~D. and {Williamson}, R.},
    title = "{The 10 Meter South Pole Telescope}",
  journal = {\pasp},
archivePrefix = "arXiv",
   eprint = {0907.4445},
 primaryClass = "astro-ph.IM",
 keywords = {Astronomical Instrumentation},
     year = 2011,
    month = may,
   volume = 123,
    pages = {568-581},
      doi = {10.1086/659879},
   adsurl = {http://adsabs.harvard.edu/abs/2011PASP..123..568C},
  adsnote = {Provided by the SAO/NASA Astrophysics Data System}
}

@ARTICLE{Seljak06,
   author = {{Seljak}, U. and {Makarov}, A. and {McDonald}, P. and {Trac}, H.
	},
    title = "{Can Sterile Neutrinos Be the Dark Matter?}",
  journal = {Physical Review Letters},
   eprint = {arXiv:astro-ph/0602430},
     year = 2006,
    month = nov,
   volume = 97,
   number = 19,
    pages = {191303-+},
      doi = {10.1103/PhysRevLett.97.191303},
   adsurl = {http://adsabs.harvard.edu/abs/2006PhRvL..97s1303S},
  adsnote = {Provided by the SAO/NASA Astrophysics Data System}
}

@ARTICLE{WMAP7,
   author = {{Komatsu}, E. and {Smith}, K.~M. and {Dunkley}, J. and {Bennett}, C.~L. and 
	{Gold}, B. and {Hinshaw}, G. and {Jarosik}, N. and {Larson}, D. and 
	{Nolta}, M.~R. and {Page}, L. and {Spergel}, D.~N. and {Halpern}, M. and 
	{Hill}, R.~S. and {Kogut}, A. and {Limon}, M. and {Meyer}, S.~S. and 
	{Odegard}, N. and {Tucker}, G.~S. and {Weiland}, J.~L. and {Wollack}, E. and 
	{Wright}, E.~L.},
    title = "{Seven-year Wilkinson Microwave Anisotropy Probe (WMAP) Observations: Cosmological Interpretation}",
  journal = {\apjs},
archivePrefix = "arXiv",
   eprint = {1001.4538},
 primaryClass = "astro-ph.CO",
 keywords = {cosmic background radiation, cosmology: observations, dark matter, early universe, space vehicles},
     year = 2011,
    month = feb,
   volume = 192,
    pages = {18-+},
      doi = {10.1088/0067-0049/192/2/18},
   adsurl = {http://adsabs.harvard.edu/abs/2011ApJS..192...18K},
  adsnote = {Provided by the SAO/NASA Astrophysics Data System}
}

@ARTICLE{BOSS_cosmo,
   author = {{Sanchez}, A.~G. and {Scoccola}, C.~G. and {Ross}, A.~J. and 
	{Percival}, W. and {Manera}, M. and {Montesano}, F. and {Mazzalay}, X. and 
	{Cuesta}, A.~J. and {Eisenstein}, D.~J. and {Kazin}, E. and 
	{McBride}, C.~K. and {Mehta}, K. and {Montero-Dorta}, A.~D. and 
	{Padmanabhan}, N. and {Prada}, F. and {Rubino-Martin}, J.~A. and 
	{Tojeiro}, R. and {Xu}, X. and {Vargas Magana}, M. and {Aubourg}, E. and 
	{Bahcall}, N.~A. and {Bailey}, S. and {Bizyaev}, D. and {Bolton}, A.~S. and 
	{Brewington}, H. and {Brinkmann}, J. and {Brownstein}, J.~R. and 
	{Gott}, III, J.~R. and {Hamilton}, J.~C. and {Ho}, S. and {Honscheid}, K. and 
	{Labatie}, A. and {Malanushenko}, E. and {Malanushenko}, V. and 
	{Maraston}, C. and {Muna}, D. and {Nichol}, R.~C. and {Oravetz}, D. and 
	{Pan}, K. and {Ross}, N.~P. and {Roe}, N.~A. and {Reid}, B.~A. and 
	{Schlegel}, D.~J. and {Shelden}, A. and {Schneider}, D.~P. and 
	{Simmons}, A. and {Skibba}, R. and {Snedden}, S. and {Thomas}, D. and 
	{Tinker}, J. and {Wake}, D.~A. and {Weaver}, B.~A. and {Weinberg}, D.~H. and 
	{White}, M. and {Zehavi}, I. and {Zhao}, G.},
    title = "{The clustering of galaxies in the SDSS-III Baryon Oscillation Spectroscopic Survey: cosmological implications of the large-scale two-point correlation function}",
  journal = {ArXiv e-prints},
archivePrefix = "arXiv",
   eprint = {1203.6616},
 primaryClass = "astro-ph.CO",
 keywords = {Astrophysics - Cosmology and Extragalactic Astrophysics},
     year = 2012,
    month = mar,
   adsurl = {http://adsabs.harvard.edu/abs/2012arXiv1203.6616S},
  adsnote = {Provided by the SAO/NASA Astrophysics Data System}
}

@ARTICLE{BOSS_RSD,
   author = {{Reid}, B.~A. and {Samushia}, L. and {White}, M. and {Percival}, W.~J. and 
	{Manera}, M. and {Padmanabhan}, N. and {Ross}, A.~J. and {S{\'a}nchez}, A.~G. and 
	{Bailey}, S. and {Bizyaev}, D. and {Bolton}, A.~S. and {Brewington}, H. and 
	{Brinkmann}, J. and {Brownstein}, J.~R. and {Cuesta}, A.~J. and 
	{Eisenstein}, D.~J. and {Gunn}, J.~E. and {Honscheid}, K. and 
	{Malanushenko}, E. and {Malanushenko}, V. and {Maraston}, C. and 
	{McBride}, C.~K. and {Muna}, D. and {Nichol}, R.~C. and {Oravetz}, D. and 
	{Pan}, K. and {de Putter}, R. and {Roe}, N.~A. and {Ross}, N.~P. and 
	{Schlegel}, D.~J. and {Schneider}, D.~P. and {Seo}, H.-J. and 
	{Shelden}, A. and {Sheldon}, E.~S. and {Simmons}, A. and {Skibba}, R.~A. and 
	{Snedden}, S. and {Swanson}, M.~E.~C. and {Thomas}, D. and {Tinker}, J. and 
	{Tojeiro}, R. and {Verde}, L. and {Wake}, D.~A. and {Weaver}, B.~A. and 
	{Weinberg}, D.~H. and {Zehavi}, I. and {Zhao}, G.-B.},
    title = "{The clustering of galaxies in the SDSS-III Baryon Oscillation Spectroscopic Survey: measurements of the growth of structure and expansion rate at z=0.57 from anisotropic clustering}",
  journal = {ArXiv e-prints},
archivePrefix = "arXiv",
   eprint = {1203.6641},
 primaryClass = "astro-ph.CO",
 keywords = {Astrophysics - Cosmology and Extragalactic Astrophysics},
     year = 2012,
    month = mar,
   adsurl = {http://adsabs.harvard.edu/abs/2012arXiv1203.6641R},
  adsnote = {Provided by the SAO/NASA Astrophysics Data System}
}

@ARTICLE{Loeb05,
   author = {{Loeb}, A. and {Zaldarriaga}, M.},
    title = "{Small-scale power spectrum of cold dark matter}",
  journal = {\prd},
   eprint = {arXiv:astro-ph/0504112},
 keywords = {Dark matter, Supersymmetric partners of known particles, Mass and mass distribution, Particle-theory and field-theory models of the early Universe},
     year = 2005,
    month = may,
   volume = 71,
   number = 10,
      eid = {103520},
    pages = {103520},
      doi = {10.1103/PhysRevD.71.103520},
   adsurl = {http://adsabs.harvard.edu/abs/2005PhRvD..71j3520L},
  adsnote = {Provided by the SAO/NASA Astrophysics Data System}
}

@ARTICLE{Bode01,
   author = {{Bode}, P. and {Ostriker}, J.~P. and {Turok}, N.},
    title = "{Halo Formation in Warm Dark Matter Models}",
  journal = {\apj},
   eprint = {arXiv:astro-ph/0010389},
 keywords = {Cosmology: Theory, Cosmology: Dark Matter, Galaxies: Formation, Galaxies: Halos, Methods: Numerical},
     year = 2001,
    month = jul,
   volume = 556,
    pages = {93-107},
      doi = {10.1086/321541},
   adsurl = {http://adsabs.harvard.edu/abs/2001ApJ...556...93B},
  adsnote = {Provided by the SAO/NASA Astrophysics Data System}
}

@ARTICLE{Abazajian06,
   author = {{Abazajian}, K.},
    title = "{Linear cosmological structure limits on warm dark matter}",
  journal = {\prd},
   eprint = {arXiv:astro-ph/0512631},
 keywords = {Dark matter, Neutrino mass and mixing, Non-standard-model neutrinos, right-handed neutrinos, etc., Galaxy groups, clusters, and superclusters; large scale structure of the Universe},
     year = 2006,
    month = mar,
   volume = 73,
   number = 6,
    pages = {063513-+},
      doi = {10.1103/PhysRevD.73.063513},
   adsurl = {http://adsabs.harvard.edu/abs/2006PhRvD..73f3513A},
  adsnote = {Provided by the SAO/NASA Astrophysics Data System}
}

@ARTICLE{ViaLactea2,
   author = {{Diemand}, J. and {Kuhlen}, M. and {Madau}, P. and {Zemp}, M. and 
	{Moore}, B. and {Potter}, D. and {Stadel}, J.},
    title = "{Clumps and streams in the local dark matter distribution}",
  journal = {\nat},
archivePrefix = "arXiv",
   eprint = {0805.1244},
     year = 2008,
    month = aug,
   volume = 454,
    pages = {735-738},
      doi = {10.1038/nature07153},
   adsurl = {http://adsabs.harvard.edu/abs/2008Natur.454..735D},
  adsnote = {Provided by the SAO/NASA Astrophysics Data System}
}

@ARTICLE{ViaLactea1,
   author = {{Diemand}, J. and {Kuhlen}, M. and {Madau}, P.},
    title = "{Formation and Evolution of Galaxy Dark Matter Halos and Their Substructure}",
  journal = {\apj},
   eprint = {arXiv:astro-ph/0703337},
 keywords = {Cosmology: Theory, Cosmology: Dark Matter, Galaxies: Dwarf, Galaxies: Formation, Galaxies: Halos, Methods: Numerical},
     year = 2007,
    month = oct,
   volume = 667,
    pages = {859-877},
      doi = {10.1086/520573},
   adsurl = {http://adsabs.harvard.edu/abs/2007ApJ...667..859D},
  adsnote = {Provided by the SAO/NASA Astrophysics Data System}
}

@ARTICLE{GHalo,
   author = {{Stadel}, J. and {Potter}, D. and {Moore}, B. and {Diemand}, J. and 
	{Madau}, P. and {Zemp}, M. and {Kuhlen}, M. and {Quilis}, V.
	},
    title = "{Quantifying the heart of darkness with GHALO - a multibillion particle simulation of a galactic halo}",
  journal = {\mnras},
archivePrefix = "arXiv",
   eprint = {0808.2981},
 keywords = {methods: N-body simulations, methods: numerical, galaxies: clusters: general, galaxies: haloes, dark matter},
     year = 2009,
    month = sep,
   volume = 398,
    pages = {L21-L25},
      doi = {10.1111/j.1745-3933.2009.00699.x},
   adsurl = {http://adsabs.harvard.edu/abs/2009MNRAS.398L..21S},
  adsnote = {Provided by the SAO/NASA Astrophysics Data System}
}

@ARTICLE{Aquarius,
   author = {{Navarro}, J.~F. and {Ludlow}, A. and {Springel}, V. and {Wang}, J. and 
        {Vogelsberger}, M. and {White}, S.~D.~M. and {Jenkins}, A. and 
        {Frenk}, C.~S. and {Helmi}, A.},
    title = "{The diversity and similarity of simulated cold dark matter haloes}",
  journal = {\mnras},
archivePrefix = "arXiv",
   eprint = {arXiv:0810.1522},
 keywords = {methods: numerical, dark matter},
     year = 2010,
    month = feb,
   volume = 402,
    pages = {21-34},
      doi = {10.1111/j.1365-2966.2009.15878.x},
   adsurl = {http://adsabs.harvard.edu/abs/2010MNRAS.402...21N},
  adsnote = {Provided by the SAO/NASA Astrophysics Data System}
}

@ARTICLE{Zentner03,
   author = {{Zentner}, A.~R. and {Bullock}, J.~S.},
    title = "{Halo Substructure and the Power Spectrum}",
  journal = {\apj},
   eprint = {arXiv:astro-ph/0304292},
 keywords = {Cosmology: Theory, Cosmology: Dark Matter, Galaxies: Formation, Galaxies: Halos, Galaxies: Structure},
     year = 2003,
    month = nov,
   volume = 598,
    pages = {49-72},
      doi = {10.1086/378797},
   adsurl = {http://adsabs.harvard.edu/abs/2003ApJ...598...49Z},
  adsnote = {Provided by the SAO/NASA Astrophysics Data System}
}

@ARTICLE{kravtsov:10,
   author = {{Kravtsov}, A.},
    title = "{Dark Matter Substructure and Dwarf Galactic Satellites}",
  journal = {Advances in Astronomy},
archivePrefix = "arXiv",
   eprint = {arXiv:0906.3295},
     year = 2010,
   volume = 2010,
    pages = {8-+},
      doi = {10.1155/2010/281913},
   adsurl = {http://adsabs.harvard.edu/abs/2010AdAst2010....8K},
  adsnote = {Provided by the SAO/NASA Astrophysics Data System}
}

@ARTICLE{Carlberg11,
   author = {{Carlberg}, R.~G. and {Richer}, H.~B. and {McConnachie}, A.~W. and 
	{Irwin}, M. and {Ibata}, R.~A. and {Dotter}, A.~L. and {Chapman}, S. and 
	{Fardal}, M. and {Ferguson}, A.~M.~N. and {Lewis}, G.~F. and 
	{Navarro}, J.~F. and {Puzia}, T.~H. and {Valls-Gabaud}, D.},
    title = "{Density Variations in the NW Star Stream of M31}",
  journal = {\apj},
archivePrefix = "arXiv",
   eprint = {1102.3501},
 primaryClass = "astro-ph.CO",
 keywords = {dark matter, galaxies: dwarf, Local Group},
     year = 2011,
    month = apr,
   volume = 731,
    pages = {124-+},
      doi = {10.1088/0004-637X/731/2/124},
   adsurl = {http://adsabs.harvard.edu/abs/2011ApJ...731..124C},
  adsnote = {Provided by the SAO/NASA Astrophysics Data System}
}
@ARTICLE{Yoon11,
   author = {{Yoon}, J.~H. and {Johnston}, K.~V. and {Hogg}, D.~W.},
    title = "{Clumpy Streams from Clumpy Halos: Detecting Missing Satellites with Cold Stellar Structures}",
  journal = {\apj},
archivePrefix = "arXiv",
   eprint = {1012.2884},
 primaryClass = "astro-ph.GA",
 keywords = {cosmology: theory, dark matter, Galaxy: halo, Galaxy: kinematics and dynamics, Galaxy: structure},
     year = 2011,
    month = apr,
   volume = 731,
    pages = {58-+},
      doi = {10.1088/0004-637X/731/1/58},
   adsurl = {http://adsabs.harvard.edu/abs/2011ApJ...731...58Y},
  adsnote = {Provided by the SAO/NASA Astrophysics Data System}
}



% CDM lensing


@ARTICLE{KochDalal04,
   author = {{Kochanek}, C.~S. and {Dalal}, N.},
    title = "{Tests for Substructure in Gravitational Lenses}",
  journal = {\apj},
   eprint = {arXiv:astro-ph/0302036},
 keywords = {Cosmology: Dark Matter, Galaxies: Halos, Cosmology: Gravitational Lensing},
     year = 2004,
    month = jul,
   volume = 610,
    pages = {69-79},
      doi = {10.1086/421436},
   adsurl = {http://adsabs.harvard.edu/abs/2004ApJ...610...69K},
  adsnote = {Provided by the SAO/NASA Astrophysics Data System}
}

@ARTICLE{DalalKoch02,
   author = {{Dalal}, N. and {Kochanek}, C.~S.},
    title = "{Direct Detection of Cold Dark Matter Substructure}",
  journal = {\apj},
   eprint = {arXiv:astro-ph/0111456},
 keywords = {Cosmology: Theory, Cosmology: Dark Matter, Galaxies: Formation, Cosmology: Gravitational Lensing, Cosmology: Large-Scale Structure of Universe},
     year = 2002,
    month = jun,
   volume = 572,
    pages = {25-33},
      doi = {10.1086/340303},
   adsurl = {http://adsabs.harvard.edu/abs/2002ApJ...572...25D},
  adsnote = {Provided by the SAO/NASA Astrophysics Data System}
}

@ARTICLE{Dalal04,
   author = {{Dalal}, N. and {Holder}, G. and {Hennawi}, J.~F.},
    title = "{Statistics of Giant Arcs in Galaxy Clusters}",
  journal = {\apj},
   eprint = {arXiv:astro-ph/0310306},
 keywords = {Cosmology: Dark Matter, Galaxies: Clusters: General, Cosmology: Gravitational Lensing},
     year = 2004,
    month = jul,
   volume = 609,
    pages = {50-60},
      doi = {10.1086/420960},
   adsurl = {http://adsabs.harvard.edu/abs/2004ApJ...609...50D},
  adsnote = {Provided by the SAO/NASA Astrophysics Data System}
}



@BOOK{Arnold84,
   author = {{Arnold}, V.~I.},
    title = "{Catastrophe theory}",
booktitle = {Berlin: Springer, 1984},
     year = 1984,
publisher = {Springer},
   adsurl = {http://cdsads.u-strasbg.fr/abs/1984cath.book.....A},
  adsnote = {Provided by the SAO/NASA Astrophysics Data System}
}

@ARTICLE{BlandfordNarayan86,
   author = {{Blandford}, R. and {Narayan}, R.},
    title = "{Fermat's principle, caustics, and the classification of gravitational lens images}",
  journal = {\apj},
 keywords = {CAUSTICS (OPTICS), FERMAT PRINCIPLE, GRAVITATIONAL LENSES, QUASARS, CATASTROPHE THEORY, CUSPS (MATHEMATICS), DARK MATTER, DENSITY DISTRIBUTION, ELLIPTICAL GALAXIES, GALACTIC CLUSTERS},
     year = 1986,
    month = nov,
   volume = 310,
    pages = {568-582},
      doi = {10.1086/164709},
   adsurl = {http://adsabs.harvard.edu/abs/1986ApJ...310..568B},
  adsnote = {Provided by the SAO/NASA Astrophysics Data System}
}

@BOOK{Schneider92,
   author = {{Schneider}, P. and {Ehlers}, J. and {Falco}, E.~E.},
    title = "{Gravitational Lenses}",
 keywords = {EXTRAGALACTIC COSMOLOGY, EXTRAGALAKTISCHE KOSMOLOGIE, GEOMETRICAL OPTICS, GEOMETRISCHE OPTIK, GRAVITATION, GRAVITATION, GRAVITATIONAL LENSING, GRAVITATIONSLINSEN, QUASARE, QUASARS, REDSHIFT, ROTVERSCHIEBUNG, GRAVITATIONAL LENSES},
booktitle = {Gravitational Lenses, XIV, 560 pp.~112 figs..~Springer-Verlag Berlin Heidelberg New York.~ Also Astronomy and Astrophysics Library},
     year = 1992,
publisher = {Springer-Verlag},
   adsurl = {http://adsabs.harvard.edu/abs/1992grle.book.....S},
  adsnote = {Provided by the SAO/NASA Astrophysics Data System}
}

@ARTICLE{mao:98,
   author = {{Mao}, S. and {Schneider}, P.},
    title = "{Evidence for substructure in lens galaxies?}",
  journal = {\mnras},
   eprint = {arXiv:astro-ph/9707187},
 keywords = {GRAVITATIONAL LENSES, GALACTIC STRUCTURE, QUASARS, ASTRONOMICAL MODELS, PARAMETERIZATION, FLUX (RATE)},
     year = 1998,
    month = apr,
   volume = 295,
    pages = {587-+},
      doi = {10.1046/j.1365-8711.1998.01319.x},
   adsurl = {http://adsabs.harvard.edu/abs/1998MNRAS.295..587M},
  adsnote = {Provided by the SAO/NASA Astrophysics Data System}
}

@ARTICLE{Chiba05,
   author = {{Chiba}, M. and {Minezaki}, T. and {Kashikawa}, N. and {Kataza}, H. and 
	{Inoue}, K.~T.},
    title = "{Subaru Mid-Infrared Imaging of the Quadruple Lenses PG 1115+080 and B1422+231: Limits on Substructure Lensing}",
  journal = {\apj},
   eprint = {arXiv:astro-ph/0503487},
 keywords = {Cosmology: Gravitational Lensing, Infrared: Galaxies, Galaxies: Quasars: Individual: Alphanumeric: B1422+231, Galaxies: Quasars: Individual: Alphanumeric: PG 1115+080},
     year = 2005,
    month = jul,
   volume = 627,
    pages = {53-61},
      doi = {10.1086/430403},
   adsurl = {http://adsabs.harvard.edu/abs/2005ApJ...627...53C},
  adsnote = {Provided by the SAO/NASA Astrophysics Data System}
}

@ARTICLE{SubaruMidIR,
   author = {{Minezaki}, T. and {Chiba}, M. and {Kashikawa}, N. and {Inoue}, K.~T. and 
	{Kataza}, H.},
    title = "{Subaru Mid-Infrared Imaging of the Quadruple Lenses. II. Unveiling Lens Structure of MG0414+0534 and Q2237+030}",
  journal = {\apj},
archivePrefix = "arXiv",
   eprint = {0903.2535},
 primaryClass = "astro-ph.CO",
 keywords = {gravitational lensing, infrared: galaxies, quasars: individual: MG0414+0534 Q2237+030},
     year = 2009,
    month = may,
   volume = 697,
    pages = {610-618},
      doi = {10.1088/0004-637X/697/1/610},
   adsurl = {http://adsabs.harvard.edu/abs/2009ApJ...697..610M},
  adsnote = {Provided by the SAO/NASA Astrophysics Data System}
}

@ARTICLE{Macleod09,
   author = {{MacLeod}, C.~L. and {Kochanek}, C.~S. and {Agol}, E.},
    title = "{Detection of a Companion Lens Galaxy Using the Mid-Infrared Flux Ratios of the Gravitationally Lensed Quasar H1413+117}",
  journal = {\apj},
archivePrefix = "arXiv",
   eprint = {0904.0275},
 primaryClass = "astro-ph.CO",
 keywords = {galaxies: structure, gravitational lensing},
     year = 2009,
    month = jul,
   volume = 699,
    pages = {1578-1583},
      doi = {10.1088/0004-637X/699/2/1578},
   adsurl = {http://adsabs.harvard.edu/abs/2009ApJ...699.1578M},
  adsnote = {Provided by the SAO/NASA Astrophysics Data System}
}



@ARTICLE{MaccioWDM,
   author = {{Miranda}, M. and {Macci{\`o}}, A.~V.},
    title = "{Constraining warm dark matter using QSO gravitational lensing}",
  journal = {\mnras},
archivePrefix = "arXiv",
   eprint = {0706.0896},
 keywords = {gravitational lensing, galaxies: haloes, cosmology: theory, dark matter},
     year = 2007,
    month = dec,
   volume = 382,
    pages = {1225-1232},
      doi = {10.1111/j.1365-2966.2007.12440.x},
   adsurl = {http://adsabs.harvard.edu/abs/2007MNRAS.382.1225M},
  adsnote = {Provided by the SAO/NASA Astrophysics Data System}
}

@ARTICLE{Chen07,
   author = {{Chen}, J. and {Rozo}, E. and {Dalal}, N. and {Taylor}, J.~E.
	},
    title = "{Astrometric Perturbations in Substructure Lensing}",
  journal = {\apj},
   eprint = {arXiv:astro-ph/0606359},
 keywords = {Cosmology: Theory, Cosmology: Dark Matter, Cosmology: Gravitational Lensing},
     year = 2007,
    month = apr,
   volume = 659,
    pages = {52-68},
      doi = {10.1086/512002},
   adsurl = {http://adsabs.harvard.edu/abs/2007ApJ...659...52C},
  adsnote = {Provided by the SAO/NASA Astrophysics Data System}
}

@ARTICLE{Chen11,
   author = {{Chen}, J. and {Koushiappas}, S.~M. and {Zentner}, A.~R.},
    title = "{The Effects of Halo-to-Halo Variation on Substructure Lensing}",
  journal = {ArXiv e-prints},
archivePrefix = "arXiv",
   eprint = {1101.2916},
 primaryClass = "astro-ph.CO",
 keywords = {Astrophysics - Cosmology and Extragalactic Astrophysics},
     year = 2011,
    month = jan,
   adsurl = {http://adsabs.harvard.edu/abs/2011arXiv1101.2916C},
  adsnote = {Provided by the SAO/NASA Astrophysics Data System}
}

@ARTICLE{Rozo07,
   author = {{Rozo}, E. and {Chen}, J. and {Zentner}, A.~R.},
    title = "{Biases in the Gravitational Lens Population Induced by Halo and Galaxy Triaxiality}",
  journal = {ArXiv e-prints},
archivePrefix = "arXiv",
   eprint = {0710.1683},
 keywords = {Astrophysics},
     year = 2007,
    month = oct,
   adsurl = {http://adsabs.harvard.edu/abs/2007arXiv0710.1683R},
  adsnote = {Provided by the SAO/NASA Astrophysics Data System}
}

@ARTICLE{Keeton06,
   author = {{Keeton}, C.~R. and {Burles}, S. and {Schechter}, P.~L. and 
	{Wambsganss}, J.},
    title = "{Differential Microlensing of the Continuum and Broad Emission Lines in SDSS J0924+0219, the Most Anomalous Lensed Quasar}",
  journal = {\apj},
   eprint = {arXiv:astro-ph/0507521},
 keywords = {Cosmology: Theory, Cosmology: Gravitational Lensing, quasars: individual (SDSS J0924+0219)},
     year = 2006,
    month = mar,
   volume = 639,
    pages = {1-6},
      doi = {10.1086/499264},
   adsurl = {http://adsabs.harvard.edu/abs/2006ApJ...639....1K},
  adsnote = {Provided by the SAO/NASA Astrophysics Data System}
}

@ARTICLE{Chen03,
   author = {{Chen}, J. and {Kravtsov}, A.~V. and {Keeton}, C.~R.},
    title = "{Lensing Optical Depths for Substructure and Isolated Dark Matter Halos}",
  journal = {\apj},
   eprint = {arXiv:astro-ph/0302005},
 keywords = {Cosmology: Theory, Cosmology: Dark Matter, Cosmology: Gravitational Lensing},
     year = 2003,
    month = jul,
   volume = 592,
    pages = {24-31},
      doi = {10.1086/375639},
   adsurl = {http://adsabs.harvard.edu/abs/2003ApJ...592...24C},
  adsnote = {Provided by the SAO/NASA Astrophysics Data System}
}

@ARTICLE{Moustakas03,
   author = {{Moustakas}, L.~A. and {Metcalf}, R.~B.},
    title = "{Detecting dark matter substructure spectroscopically in strong gravitational lenses}",
  journal = {\mnras},
   eprint = {arXiv:astro-ph/0206176},
 keywords = {gravitational lensing, galaxies: evolution, galaxies: fundamental parameters, galaxies: haloes, quasars: individual: Q2237+0305, dark matter},
     year = 2003,
    month = mar,
   volume = 339,
    pages = {607-615},
      doi = {10.1046/j.1365-8711.2003.06055.x},
   adsurl = {http://adsabs.harvard.edu/abs/2003MNRAS.339..607M},
  adsnote = {Provided by the SAO/NASA Astrophysics Data System}
}

@ARTICLE{Metcalf04,
   author = {{Metcalf}, R.~B. and {Moustakas}, L.~A. and {Bunker}, A.~J. and 
	{Parry}, I.~R.},
    title = "{Spectroscopic Gravitational Lensing and Limits on the Dark Matter Substructure in Q2237+0305}",
  journal = {\apj},
   eprint = {arXiv:astro-ph/0309738},
 keywords = {Cosmology: Dark Matter, Cosmology: Gravitational Lensing, Galaxies: Quasars: Individual: Alphanumeric: Q2237+0305},
     year = 2004,
    month = may,
   volume = 607,
    pages = {43-59},
      doi = {10.1086/383243},
   adsurl = {http://adsabs.harvard.edu/abs/2004ApJ...607...43M},
  adsnote = {Provided by the SAO/NASA Astrophysics Data System}
}


@ARTICLE{Metcalf02,
   author = {{Metcalf}, R.~B.},
    title = "{The Detection of Pure Dark Matter Objects with Bent Multiply Imaged Radio Jets}",
  journal = {\apj},
   eprint = {arXiv:astro-ph/0203012},
 keywords = {Galaxies: Jets, Cosmology: Gravitational Lensing, Radio Continuum: Galaxies},
     year = 2002,
    month = dec,
   volume = 580,
    pages = {696-704},
      doi = {10.1086/343766},
   adsurl = {http://adsabs.harvard.edu/abs/2002ApJ...580..696M},
  adsnote = {Provided by the SAO/NASA Astrophysics Data System}
}

@ARTICLE{SchechWamb02,
   author = {{Schechter}, P.~L. and {Wambsganss}, J.},
    title = "{Quasar Microlensing at High Magnification and the Role of Dark Matter: Enhanced Fluctuations and Suppressed Saddle Points}",
  journal = {\apj},
   eprint = {arXiv:astro-ph/0204425},
 keywords = {Cosmology: Dark Matter, Cosmology: Gravitational Lensing, Galaxies: Quasars: Individual: Alphanumeric: MG 0414+0534},
     year = 2002,
    month = dec,
   volume = 580,
    pages = {685-695},
      doi = {10.1086/343856},
   adsurl = {http://adsabs.harvard.edu/abs/2002ApJ...580..685S},
  adsnote = {Provided by the SAO/NASA Astrophysics Data System}
}

@ARTICLE{2016,
   author = {{Koopmans}, L.~V.~E. and {Garrett}, M.~A. and {Blandford}, R.~D. and 
	{Lawrence}, C.~R. and {Patnaik}, A.~R. and {Porcas}, R.~W.},
    title = "{2016+112: a gravitationally lensed type II quasar}",
  journal = {\mnras},
   eprint = {arXiv:astro-ph/0106575},
 keywords = {gravitational lensing, quasars: general, radio continuum: general},
     year = 2002,
    month = jul,
   volume = 334,
    pages = {39-47},
      doi = {10.1046/j.1365-8711.2002.05438.x},
   adsurl = {http://adsabs.harvard.edu/abs/2002MNRAS.334...39K},
  adsnote = {Provided by the SAO/NASA Astrophysics Data System}
}

@ARTICLE{Metcalf01,
   author = {{Metcalf}, R.~B. and {Madau}, P.},
    title = "{Compound Gravitational Lensing as a Probe of Dark Matter Substructure within Galaxy Halos}",
  journal = {\apj},
   eprint = {arXiv:astro-ph/0108224},
 keywords = {Cosmology: Theory, Cosmology: Dark Matter, Galaxies: Formation, Cosmology: Gravitational Lensing},
     year = 2001,
    month = dec,
   volume = 563,
    pages = {9-20},
      doi = {10.1086/323695},
   adsurl = {http://adsabs.harvard.edu/abs/2001ApJ...563....9M},
  adsnote = {Provided by the SAO/NASA Astrophysics Data System}
}

@ARTICLE{Keeton03,
   author = {{Keeton}, C.~R. and {Gaudi}, B.~S. and {Petters}, A.~O.},
    title = "{Identifying Lenses with Small-Scale Structure. I. Cusp Lenses}",
  journal = {\apj},
   eprint = {arXiv:astro-ph/0210318},
 keywords = {Cosmology: Theory, Cosmology: Dark Matter, Galaxies: Formation, Cosmology: Gravitational Lensing, Cosmology: Large-Scale Structure of Universe},
     year = 2003,
    month = nov,
   volume = 598,
    pages = {138-161},
      doi = {10.1086/378934},
   adsurl = {http://adsabs.harvard.edu/abs/2003ApJ...598..138K},
  adsnote = {Provided by the SAO/NASA Astrophysics Data System}
}

@ARTICLE{Fadely11,
   author = {{Fadely}, R. and {Keeton}, C.~R.},
    title = "{Near-infrared K and L' Flux Ratios in Six Lensed Quasars}",
  journal = {\aj},
archivePrefix = "arXiv",
   eprint = {1101.1917},
 primaryClass = "astro-ph.CO",
 keywords = {dark matter, gravitational lensing: micro, gravitational lensing: strong},
     year = 2011,
    month = mar,
   volume = 141,
    pages = {101-+},
      doi = {10.1088/0004-6256/141/3/101},
   adsurl = {http://adsabs.harvard.edu/abs/2011AJ....141..101F},
  adsnote = {Provided by the SAO/NASA Astrophysics Data System}
}

@ARTICLE{Keeton05,
   author = {{Keeton}, C.~R. and {Gaudi}, B.~S. and {Petters}, A.~O.},
    title = "{Identifying Lenses with Small-Scale Structure. II. Fold Lenses}",
  journal = {\apj},
   eprint = {arXiv:astro-ph/0503452},
 keywords = {Cosmology: Theory, Cosmology: Dark Matter, Galaxies: Formation, Cosmology: Gravitational Lensing, Cosmology: Large-Scale Structure of Universe},
     year = 2005,
    month = dec,
   volume = 635,
    pages = {35-59},
      doi = {10.1086/497324},
   adsurl = {http://adsabs.harvard.edu/abs/2005ApJ...635...35K},
  adsnote = {Provided by the SAO/NASA Astrophysics Data System}
}

@ARTICLE{Xu09,
   author = {{Xu}, D.~D. and {Mao}, S. and {Wang}, J. and {Springel}, V. and 
	{Gao}, L. and {White}, S.~D.~M. and {Frenk}, C.~S. and {Jenkins}, A. and 
	{Li}, G. and {Navarro}, J.~F.},
    title = "{Effects of dark matter substructures on gravitational lensing: results from the Aquarius simulations}",
  journal = {\mnras},
archivePrefix = "arXiv",
   eprint = {0903.4559},
 primaryClass = "astro-ph.CO",
 keywords = {gravitational lensing , galaxies: elliptical and lenticular, cD , galaxies: formation , dark matter},
     year = 2009,
    month = sep,
   volume = 398,
    pages = {1235-1253},
      doi = {10.1111/j.1365-2966.2009.15230.x},
   adsurl = {http://adsabs.harvard.edu/abs/2009MNRAS.398.1235X},
  adsnote = {Provided by the SAO/NASA Astrophysics Data System}
}

@ARTICLE{Vegetti12,
   author = {{Vegetti}, S. and {Lagattuta}, D.~J. and {McKean}, J.~P. and 
	{Auger}, M.~W. and {Fassnacht}, C.~D. and {Koopmans}, L.~V.~E.
	},
    title = "{Gravitational detection of a low-mass dark satellite galaxy at cosmological distance}",
  journal = {\nat},
archivePrefix = "arXiv",
   eprint = {1201.3643},
 primaryClass = "astro-ph.CO",
     year = 2012,
    month = jan,
   volume = 481,
    pages = {341-343},
      doi = {10.1038/nature10669},
   adsurl = {http://adsabs.harvard.edu/abs/2012Natur.481..341V},
  adsnote = {Provided by the SAO/NASA Astrophysics Data System}
}

@ARTICLE{CLASS,
   author = {{Browne}, I.~W.~A. and {Wilkinson}, P.~N. and {Jackson}, N.~J.~F. and 
	{Myers}, S.~T. and {Fassnacht}, C.~D. and {Koopmans}, L.~V.~E. and 
	{Marlow}, D.~R. and {Norbury}, M. and {Rusin}, D. and {Sykes}, C.~M. and 
	{Biggs}, A.~D. and {Blandford}, R.~D. and {de Bruyn}, A.~G. and 
	{Chae}, K.-H. and {Helbig}, P. and {King}, L.~J. and {McKean}, J.~P. and 
	{Pearson}, T.~J. and {Phillips}, P.~M. and {Readhead}, A.~C.~S. and 
	{Xanthopoulos}, E. and {York}, T.},
    title = "{The Cosmic Lens All-Sky Survey - II. Gravitational lens candidate selection and follow-up}",
  journal = {\mnras},
   eprint = {arXiv:astro-ph/0211069},
 keywords = {gravitation, gravitational lensing, radio continuum: galaxies},
     year = 2003,
    month = may,
   volume = 341,
    pages = {13-32},
      doi = {10.1046/j.1365-8711.2003.06257.x},
   adsurl = {http://adsabs.harvard.edu/abs/2003MNRAS.341...13B},
  adsnote = {Provided by the SAO/NASA Astrophysics Data System}
}

@ARTICLE{Inada12,
   author = {{Inada}, N. and {Oguri}, M. and {Shin}, M.-S. and {Kayo}, I. and 
	{Strauss}, M.~A. and {Morokuma}, T. and {Rusu}, C.~E. and {Fukugita}, M. and 
	{Kochanek}, C.~S. and {Richards}, G.~T. and {Schneider}, D.~P. and 
	{York}, D.~G. and {Bahcall}, N.~A. and {Frieman}, J.~A. and 
	{Hall}, P.~B. and {White}, R.~L.},
    title = "{The Sloan Digital Sky Survey Quasar Lens Search. V. Final Catalog from the Seventh Data Release}",
  journal = {\aj},
archivePrefix = "arXiv",
   eprint = {1203.1087},
 primaryClass = "astro-ph.CO",
 keywords = {cosmology: observations, gravitational lensing: strong, quasars: general },
     year = 2012,
    month = may,
   volume = 143,
      eid = {119},
    pages = {119},
      doi = {10.1088/0004-6256/143/5/119},
   adsurl = {http://adsabs.harvard.edu/abs/2012AJ....143..119I},
  adsnote = {Provided by the SAO/NASA Astrophysics Data System}
}

@ARTICLE{Bolton08,
   author = {{Bolton}, A.~S. and {Burles}, S. and {Koopmans}, L.~V.~E. and 
	{Treu}, T. and {Gavazzi}, R. and {Moustakas}, L.~A. and {Wayth}, R. and 
	{Schlegel}, D.~J.},
    title = "{The Sloan Lens ACS Survey. V. The Full ACS Strong-Lens Sample}",
  journal = {\apj},
archivePrefix = "arXiv",
   eprint = {0805.1931},
 keywords = {Galaxies: Elliptical and Lenticular, cD, Cosmology: Gravitational Lensing, Surveys},
     year = 2008,
    month = aug,
   volume = 682,
    pages = {964-984},
      doi = {10.1086/589327},
   adsurl = {http://adsabs.harvard.edu/abs/2008ApJ...682..964B},
  adsnote = {Provided by the SAO/NASA Astrophysics Data System}
}

@ARTICLE{Suzuki12,
   author = {{Suzuki}, N. and {Rubin}, D. and {Lidman}, C. and {Aldering}, G. and 
	{Amanullah}, R. and {Barbary}, K. and {Barrientos}, L.~F. and 
	{Botyanszki}, J. and {Brodwin}, M. and {Connolly}, N. and {Dawson}, K.~S. and 
	{Dey}, A. and {Doi}, M. and {Donahue}, M. and {Deustua}, S. and 
	{Eisenhardt}, P. and {Ellingson}, E. and {Faccioli}, L. and 
	{Fadeyev}, V. and {Fakhouri}, H.~K. and {Fruchter}, A.~S. and 
	{Gilbank}, D.~G. and {Gladders}, M.~D. and {Goldhaber}, G. and 
	{Gonzalez}, A.~H. and {Goobar}, A. and {Gude}, A. and {Hattori}, T. and 
	{Hoekstra}, H. and {Hsiao}, E. and {Huang}, X. and {Ihara}, Y. and 
	{Jee}, M.~J. and {Johnston}, D. and {Kashikawa}, N. and {Koester}, B. and 
	{Konishi}, K. and {Kowalski}, M. and {Linder}, E.~V. and {Lubin}, L. and 
	{Melbourne}, J. and {Meyers}, J. and {Morokuma}, T. and {Munshi}, F. and 
	{Mullis}, C. and {Oda}, T. and {Panagia}, N. and {Perlmutter}, S. and 
	{Postman}, M. and {Pritchard}, T. and {Rhodes}, J. and {Ripoche}, P. and 
	{Rosati}, P. and {Schlegel}, D.~J. and {Spadafora}, A. and {Stanford}, S.~A. and 
	{Stanishev}, V. and {Stern}, D. and {Strovink}, M. and {Takanashi}, N. and 
	{Tokita}, K. and {Wagner}, M. and {Wang}, L. and {Yasuda}, N. and 
	{Yee}, H.~K.~C. and {Supernova Cosmology Project}, T.},
    title = "{The Hubble Space Telescope Cluster Supernova Survey. V. Improving the Dark-energy Constraints above z {\gt} 1 and Building an Early-type-hosted Supernova Sample}",
  journal = {\apj},
archivePrefix = "arXiv",
   eprint = {1105.3470},
 primaryClass = "astro-ph.CO",
 keywords = {cosmological parameters, distance scale, supernovae: general},
     year = 2012,
    month = feb,
   volume = 746,
      eid = {85},
    pages = {85},
      doi = {10.1088/0004-637X/746/1/85},
   adsurl = {http://adsabs.harvard.edu/abs/2012ApJ...746...85S},
  adsnote = {Provided by the SAO/NASA Astrophysics Data System}
}


@ARTICLE{engel:10,
   author = {{Engel}, H. and {Tacconi}, L.~J. and {Davies}, R.~I. and {Neri}, R. and 
	{Smail}, I. and {Chapman}, S.~C. and {Genzel}, R. and {Cox}, P. and 
	{Greve}, T.~R. and {Ivison}, R.~J. and {Blain}, A. and {Bertoldi}, F. and 
	{Omont}, A.},
    title = "{Most Submillimeter Galaxies are Major Mergers}",
  journal = {\apj},
 keywords = {cosmology: observations, galaxies: evolution, galaxies: formation, galaxies: high-redshift, galaxies: kinematics and dynamics},
     year = 2010,
    month = nov,
   volume = 724,
    pages = {233-243},
      doi = {10.1088/0004-637X/724/1/233},
   adsurl = {http://adsabs.harvard.edu/abs/2010ApJ...724..233E},
  adsnote = {Provided by the SAO/NASA Astrophysics Data System}
}

@ARTICLE{Targett:12,
   author = {{Targett}, T.~A. and {Dunlop}, J.~S. and {Cirasuolo}, M. and 
	{McLure}, R.~J. and {Bruce}, V.~A. and {Fontana}, A. and {Galametz}, A. and 
	{Paris}, D. and {Dav{\'e}}, R. and {Dekel}, A. and {Faber}, S.~M. and 
	{Ferguson}, H.~C. and {Grogin}, N.~A. and {Kartaltepe}, J.~S. and 
	{Kocevski}, D.~D. and {Koekemoer}, A.~M. and {Kurczynski}, P. and 
	{Lai}, K. and {Lotz}, J.},
    title = "{The properties of (sub)millimetre-selected galaxies as revealed by CANDELS HST WFC3/IR imaging in GOODS-South}",
  journal = {ArXiv e-prints},
archivePrefix = "arXiv",
   eprint = {1208.3464},
 primaryClass = "astro-ph.CO",
 keywords = {Astrophysics - Cosmology and Extragalactic Astrophysics},
     year = 2012,
    month = aug,
   adsurl = {http://adsabs.harvard.edu/abs/2012arXiv1208.3464T},
  adsnote = {Provided by the SAO/NASA Astrophysics Data System}
}

@ARTICLE{Targett:11,
   author = {{Targett}, T.~A. and {Dunlop}, J.~S. and {McLure}, R.~J. and 
	{Best}, P.~N. and {Cirasuolo}, M. and {Almaini}, O.},
    title = "{A near-infrared morphological comparison of high-redshift submillimetre and radio galaxies: massive star-forming discs versus relaxed spheroids}",
  journal = {\mnras},
archivePrefix = "arXiv",
   eprint = {1005.5176},
 primaryClass = "astro-ph.CO",
 keywords = {galaxies: active, galaxies: fundamental parameters, galaxies: photometry, galaxies: starburst, infrared: galaxies},
     year = 2011,
    month = mar,
   volume = 412,
    pages = {295-317},
      doi = {10.1111/j.1365-2966.2010.17905.x},
   adsurl = {http://adsabs.harvard.edu/abs/2011MNRAS.412..295T},
  adsnote = {Provided by the SAO/NASA Astrophysics Data System}
}

@ARTICLE{riechers:11,
   author = {{Riechers}, D.~A. and {Cooray}, A. and {Omont}, A. and {Neri}, R. and 
	{Harris}, A.~I. and {Baker}, A.~J. and {Cox}, P. and {Frayer}, D.~T. and 
	{Carpenter}, J.~M. and {Auld}, R. and {Aussel}, H. and {Beelen}, A. and 
	{Blundell}, R. and {Bock}, J. and {Brisbin}, D. and {Burgarella}, D. and 
	{Chanial}, P. and {Chapman}, S.~C. and {Clements}, D.~L. and 
	{Conley}, A. and {Dowell}, C.~D. and {Eales}, S. and {Farrah}, D. and 
	{Franceschini}, A. and {Gavazzi}, R. and {Glenn}, J. and {Griffin}, M. and 
	{Gurwell}, M. and {Ivison}, R.~J. and {Kim}, S. and {Krips}, M. and 
	{Mortier}, A.~M.~J. and {Oliver}, S.~J. and {Page}, M.~J. and 
	{Papageorgiou}, A. and {Pearson}, C.~P. and {P{\'e}rez-Fournon}, I. and 
	{Pohlen}, M. and {Rawlings}, J.~I. and {Raymond}, G. and {Rodighiero}, G. and 
	{Roseboom}, I.~G. and {Rowan-Robinson}, M. and {Scott}, K.~S. and 
	{Seymour}, N. and {Smith}, A.~J. and {Symeonidis}, M. and {Tugwell}, K.~E. and 
	{Vaccari}, M. and {Vieira}, J.~D. and {Vigroux}, L. and {Wang}, L. and 
	{Wardlow}, J. and {Wright}, G.},
    title = "{Dynamical Structure of the Molecular Interstellar Medium in an Extremely Bright, Multiply Lensed z \~{}= 3 Submillimeter Galaxy Discovered with Herschel}",
  journal = {\apjl},
archivePrefix = "arXiv",
   eprint = {1104.4116},
 primaryClass = "astro-ph.CO",
 keywords = {cosmology: observations, galaxies: active, galaxies: formation, galaxies: high-redshift, galaxies: starburst, radio lines: galaxies},
     year = 2011,
    month = may,
   volume = 733,
      eid = {L12},
    pages = {L12},
      doi = {10.1088/2041-8205/733/1/L12},
   adsurl = {http://adsabs.harvard.edu/abs/2011ApJ...733L..12R},
  adsnote = {Provided by the SAO/NASA Astrophysics Data System}
}

@ARTICLE{blain02,
   author = {{Blain}, A.~W. and {Smail}, I. and {Ivison}, R.~J. and {Kneib}, J.-P. and 
	{Frayer}, D.~T.},
    title = "{Submillimeter galaxies}",
  journal = {\physrep},
   eprint = {arXiv:astro-ph/0202228},
     year = 2002,
    month = oct,
   volume = 369,
    pages = {111-176},
      doi = {10.1016/S0370-1573(02)00134-5},
   adsurl = {http://adsabs.harvard.edu/abs/2002PhR...369..111B},
  adsnote = {Provided by the SAO/NASA Astrophysics Data System}
}

@ARTICLE{lagache05,
   author = {{Lagache}, G. and {Puget}, J.-L. and {Dole}, H.},
    title = "{Dusty Infrared Galaxies: Sources of the Cosmic Infrared Background}",
  journal = {\araa},
   eprint = {arXiv:astro-ph/0507298},
     year = 2005,
    month = sep,
   volume = 43,
    pages = {727-768},
      doi = {10.1146/annurev.astro.43.072103.150606},
   adsurl = {http://adsabs.harvard.edu/abs/2005ARA%26A..43..727L},
  adsnote = {Provided by the SAO/NASA Astrophysics Data System}
}

@ARTICLE{greve05,
   author = {{Greve}, T.~R. and {Bertoldi}, F. and {Smail}, I. and {Neri}, R. and 
	{Chapman}, S.~C. and {Blain}, A.~W. and {Ivison}, R.~J. and 
	{Genzel}, R. and {Omont}, A. and {Cox}, P. and {Tacconi}, L. and 
	{Kneib}, J.-P.},
    title = "{An interferometric CO survey of luminous submillimetre galaxies}",
  journal = {\mnras},
   eprint = {arXiv:astro-ph/0503055},
 keywords = {galaxies: formation, galaxies: starburst, cosmology: observations, early Universe},
     year = 2005,
    month = may,
   volume = 359,
    pages = {1165-1183},
      doi = {10.1111/j.1365-2966.2005.08979.x},
   adsurl = {http://adsabs.harvard.edu/abs/2005MNRAS.359.1165G},
  adsnote = {Provided by the SAO/NASA Astrophysics Data System}
}

@ARTICLE{solomon05,
   author = {{Solomon}, P.~M. and {Vanden Bout}, P.~A.},
    title = "{Molecular Gas at High Redshift}",
  journal = {\araa},
   eprint = {arXiv:astro-ph/0508481},
     year = 2005,
    month = sep,
   volume = 43,
    pages = {677-725},
      doi = {10.1146/annurev.astro.43.051804.102221},
   adsurl = {http://adsabs.harvard.edu/abs/2005ARA%26A..43..677S},
  adsnote = {Provided by the SAO/NASA Astrophysics Data System}
}

@ARTICLE{stacey91,
   author = {{Stacey}, G.~J. and {Geis}, N. and {Genzel}, R. and {Lugten}, J.~B. and 
	{Poglitsch}, A. and {Sternberg}, A. and {Townes}, C.~H.},
    title = "{The 158 micron C II line - A measure of global star formation activity in galaxies}",
  journal = {\apj},
 keywords = {FINE STRUCTURE, GALACTIC NUCLEI, GALAXIES, IONIZED GASES, MOLECULAR CLOUDS, STAR FORMATION, COSMIC GASES, FAR INFRARED RADIATION, GAS TEMPERATURE, LINE SPECTRA, LUMINOSITY, MOLECULAR GASES},
     year = 1991,
    month = jun,
   volume = 373,
    pages = {423-444},
      doi = {10.1086/170062},
   adsurl = {http://adsabs.harvard.edu/abs/1991ApJ...373..423S},
  adsnote = {Provided by the SAO/NASA Astrophysics Data System}
}

@ARTICLE{chapman04,
   author = {{Chapman}, S.~C. and {Smail}, I. and {Windhorst}, R. and {Muxlow}, T. and 
	{Ivison}, R.~J.},
    title = "{Evidence for Extended, Obscured Starbursts in Submillimeter Galaxies}",
  journal = {\apj},
   eprint = {arXiv:astro-ph/0412051},
 keywords = {Cosmology: Observations, Galaxies: Evolution, Galaxies: Formation, Galaxies: High-Redshift, Galaxies: Starburst, Radio Continuum: Galaxies},
     year = 2004,
    month = aug,
   volume = 611,
    pages = {732-738},
      doi = {10.1086/422383},
   adsurl = {http://adsabs.harvard.edu/abs/2004ApJ...611..732C},
  adsnote = {Provided by the SAO/NASA Astrophysics Data System}
}

@ARTICLE{tacconi06,
   author = {{Tacconi}, L.~J. and {Neri}, R. and {Chapman}, S.~C. and {Genzel}, R. and 
	{Smail}, I. and {Ivison}, R.~J. and {Bertoldi}, F. and {Blain}, A. and 
	{Cox}, P. and {Greve}, T. and {Omont}, A.},
    title = "{High-Resolution Millimeter Imaging of Submillimeter Galaxies}",
  journal = {\apj},
   eprint = {arXiv:astro-ph/0511319},
 keywords = {Cosmology: Observations, Galaxies: Evolution, Galaxies: Formation, Galaxies: High-Redshift, Galaxies: ISM},
     year = 2006,
    month = mar,
   volume = 640,
    pages = {228-240},
      doi = {10.1086/499933},
   adsurl = {http://adsabs.harvard.edu/abs/2006ApJ...640..228T},
  adsnote = {Provided by the SAO/NASA Astrophysics Data System}
}

@ARTICLE{younger08,
   author = {{Younger}, J.~D. and {Fazio}, G.~G. and {Wilner}, D.~J. and 
	{Ashby}, M.~L.~N. and {Blundell}, R. and {Gurwell}, M.~A. and 
	{Huang}, J.-S. and {Iono}, D. and {Peck}, A.~B. and {Petitpas}, G.~R. and 
	{Scott}, K.~S. and {Wilson}, G.~W. and {Yun}, M.~S.},
    title = "{The Physical Scale of the Far-Infrared Emission in the Most Luminous Submillimeter Galaxies}",
  journal = {\apj},
archivePrefix = "arXiv",
   eprint = {0807.2243},
 keywords = {Cosmology: Observations, Galaxies: Evolution, Galaxies: Formation, Galaxies: High-Redshift, Galaxies: Starburst},
     year = 2008,
    month = nov,
   volume = 688,
    pages = {59-66},
      doi = {10.1086/591931},
   adsurl = {http://adsabs.harvard.edu/abs/2008ApJ...688...59Y},
  adsnote = {Provided by the SAO/NASA Astrophysics Data System}
}

@ARTICLE{blain:96,
   author = {{Blain}, A.~W.},
    title = "{Galaxy-galaxy gravitational lensing in the millimetre/submillimetre waveband}",
  journal = {\mnras},
 keywords = {METHODS: OBSERVATIONAL, GALAXIES: EVOLUTION, GALAXIES: FORMATION, COSMOLOGY: OBSERVATIONS, GRAVITATIONAL LENSING, RADIO CONTINUUM: GALAXIES},
     year = 1996,
    month = dec,
   volume = 283,
    pages = {1340-1348},
   adsurl = {http://adsabs.harvard.edu/abs/1996MNRAS.283.1340B},
  adsnote = {Provided by the SAO/NASA Astrophysics Data System}
}

@ARTICLE{carilli:11,
   author = {{Carilli}, C.~L. and {Walter}, F. and {Riechers}, D. and {Wang}, R. and 
	{Daddi}, E. and {Wagg}, J. and {Bertoldi}, F. and {Menten}, K.
	},
    title = "{Radio studies of galaxy formation: Dense Gas History of the Universe}",
  journal = {ArXiv e-prints},
archivePrefix = "arXiv",
   eprint = {1105.1128},
 primaryClass = "astro-ph.CO",
 keywords = {Astrophysics - Cosmology and Extragalactic Astrophysics},
     year = 2011,
    month = may,
   adsurl = {http://adsabs.harvard.edu/abs/2011arXiv1105.1128C},
  adsnote = {Provided by the SAO/NASA Astrophysics Data System}
}

@ARTICLE{Blain:02b,
   author = {{Blain}, A.~W.},
    title = "{Detecting Gravitational Lensing Cosmic Shear from Samples of Several Galaxies Using Two-dimensional Spectral Imaging}",
  journal = {\apjl},
   eprint = {arXiv:astro-ph/0204138},
 keywords = {Galaxies: ISM, Galaxies: Kinematics and Dynamics, Galaxies: Spiral, Cosmology: Gravitational Lensing, Radio Lines: Galaxies},
     year = 2002,
    month = may,
   volume = 570,
    pages = {L51-L54},
      doi = {10.1086/341103},
   adsurl = {http://adsabs.harvard.edu/abs/2002ApJ...570L..51B},
  adsnote = {Provided by the SAO/NASA Astrophysics Data System}
}

@ARTICLE{Blain:02,
   author = {{Blain}, A.~W. and {Smail}, I. and {Ivison}, R.~J. and {Kneib}, J.-P. and 
	{Frayer}, D.~T.},
    title = "{Submillimeter galaxies}",
  journal = {\physrep},
   eprint = {arXiv:astro-ph/0202228},
     year = 2002,
    month = oct,
   volume = 369,
    pages = {111-176},
      doi = {10.1016/S0370-1573(02)00134-5},
   adsurl = {http://adsabs.harvard.edu/abs/2002PhR...369..111B},
  adsnote = {Provided by the SAO/NASA Astrophysics Data System}
}




@ARTICLE{hezaveh:12b,
   author = {{Hezaveh}, Y. and {Marrone}, D. and {Faassnacht}, C. and {Splikler}, J. and  {Vieira}, J. and  {Aguirre}, J.  and  {Aird}, M. },
    title = "{ALMA Observations of SPT-Discovered, Strongly Lensed, Dusty, Star-Forming Galaxies}",
  journal = {\apj, submitted},
     year = 2012,
    month = sep,
}

@ARTICLE{vieira:12,
   author = {{Vieira}, J and {Marrone}, D. and {Chapman}, S.  and {de Breuck}, S.  and {Hezaveh}, Y.  and {Weiss}, A. },
    title = "{ALMA Observations of SPT-Discovered, Strongly Lensed, Dusty, Star-Forming Galaxies}",
  journal = {Nature, submitted},
     year = 2012,
   eprint = {},
}



@ARTICLE{Morgan:12,
   author = {{Morgan}, C.~W. and {Hainline}, L.~J. and {Chen}, B. and {Tewes}, M. and 
	{Kochanek}, C.~S. and {Dai}, X. and {Kozlowski}, S. and {Blackburne}, J.~A. and 
	{Mosquera}, A.~M. and {Chartas}, G. and {Courbin}, F. and {Meylan}, G.
	},
    title = "{Further Evidence that Quasar X-Ray Emitting Regions are Compact: X-Ray and Optical Microlensing in the Lensed Quasar Q J0158-4325}",
  journal = {\apj},
archivePrefix = "arXiv",
   eprint = {1205.4727},
 primaryClass = "astro-ph.CO",
 keywords = {accretion, accretion disks, cosmology: observations, dark matter, gravitational lensing: micro, gravitational lensing: strong, quasars: general},
     year = 2012,
    month = sep,
   volume = 756,
      eid = {52},
    pages = {52},
      doi = {10.1088/0004-637X/756/1/52},
   adsurl = {http://adsabs.harvard.edu/abs/2012ApJ...756...52M},
  adsnote = {Provided by the SAO/NASA Astrophysics Data System}
}

@ARTICLE{Sluse:12,
   author = {{Sluse}, D. and {Hutsem{\'e}kers}, D. and {Courbin}, F. and 
	{Meylan}, G. and {Wambsganss}, J.},
    title = "{Microlensing of the broad line region in 17 lensed quasars}",
  journal = {\aap},
archivePrefix = "arXiv",
   eprint = {1206.0731},
 primaryClass = "astro-ph.CO",
 keywords = {gravitational lensing: micro, gravitational lensing: strong, line: formation, quasars: general, quasars: emission lines},
     year = 2012,
    month = aug,
   volume = 544,
      eid = {A62},
    pages = {A62},
      doi = {10.1051/0004-6361/201219125},
   adsurl = {http://adsabs.harvard.edu/abs/2012A%26A...544A..62S},
  adsnote = {Provided by the SAO/NASA Astrophysics Data System}
}

@ARTICLE{hezaveh:12a,
   author = {{Hezaveh}, Y.~D. and {Marrone}, D.~P. and {Holder}, G.~P.},
    title = "{Size Bias and Differential Lensing of Strongly Lensed, Dusty Galaxies Identified in Wide-Field Surveys}",
  journal = {\apj},
 keywords = {galaxies: luminosity function, mass function, galaxies: statistics, gravitational lensing: strong, methods: numerical, submillimeter: galaxies },
     year = 2012,
    month = dec,
   volume = 761,
      eid = {20},
    pages = {20},
      doi = {10.1088/0004-637X/761/1/20},
   adsurl = {http://adsabs.harvard.edu/abs/2012ApJ...761...20H},
  adsnote = {Provided by the SAO/NASA Astrophysics Data System}
}

@BOOK{Dodelson03,
   author = {{Dodelson}, S.},
    title = "{Modern cosmology}",
 keywords = {Cosmology},
booktitle = {Modern cosmology / Scott Dodelson.~Amsterdam (Netherlands): Academic Press.~ISBN 0-12-219141-2, 2003, XIII + 440 p.},
     year = 2003,
publisher = {Academic Press},
   adsurl = {http://adsabs.harvard.edu/abs/2003moco.book.....D},
  adsnote = {Provided by the SAO/NASA Astrophysics Data System}
}

@ARTICLE{Munoz01,
   author = {{Mu{\~n}oz}, J.~A. and {Kochanek}, C.~S. and {Keeton}, C.~R.
	},
    title = "{Cusped Mass Models of Gravitational Lenses}",
  journal = {\apj},
   eprint = {arXiv:astro-ph/0103009},
 keywords = {Cosmology: Dark Matter, Galaxies: Halos, Cosmology: Gravitational Lensing},
     year = 2001,
    month = sep,
   volume = 558,
    pages = {657-665},
      doi = {10.1086/322314},
   adsurl = {http://adsabs.harvard.edu/abs/2001ApJ...558..657M},
  adsnote = {Provided by the SAO/NASA Astrophysics Data System}
}

@ARTICLE{Bothwell:12,
   author = {{Bothwell}, M.~S. and {Smail}, I. and {Chapman}, S.~C. and {Genzel}, R. and 
	{Ivison}, R.~J. and {Tacconi}, L.~J. and {Alaghband-Zadeh}, S. and 
	{Bertoldi}, F. and {Blain}, A.~W. and {Casey}, C.~M. and {Cox}, P. and 
	{Greve}, T.~R. and {Lutz}, D. and {Neri}, R. and {Omont}, A. and 
	{Swinbank}, A.~M.},
    title = "{A survey of molecular gas in luminous sub-millimetre galaxies}",
  journal = {ArXiv e-prints},
archivePrefix = "arXiv",
   eprint = {1205.1511},
 primaryClass = "astro-ph.CO",
 keywords = {Astrophysics - Cosmology and Extragalactic Astrophysics},
     year = 2012,
    month = may,
   adsurl = {http://adsabs.harvard.edu/abs/2012arXiv1205.1511B},
  adsnote = {Provided by the SAO/NASA Astrophysics Data System}
}


@ARTICLE{Kormann:94,
   author = {{Kormann}, R. and {Schneider}, P. and {Bartelmann}, M.},
    title = "{Isothermal elliptical gravitational lens models}",
  journal = {\aap},
 keywords = {ASTRONOMICAL MODELS, ELLIPSOIDS, GRAVITATIONAL LENSES, ISOTHERMAL PROCESSES, MASS DISTRIBUTION, CRITICAL VELOCITY, DISTORTION, FINITE DIFFERENCE THEORY, VECTOR ANALYSIS},
     year = 1994,
    month = apr,
   volume = 284,
    pages = {285-299},
   adsurl = {http://adsabs.harvard.edu/abs/1994A%26A...284..285K},
  adsnote = {Provided by the SAO/NASA Astrophysics Data System}
}


@ARTICLE{Gao:04,
   author = {{Gao}, Y. and {Solomon}, P.~M.},
    title = "{HCN Survey of Normal Spiral, Infrared-luminous, and Ultraluminous Galaxies}",
  journal = {\apjs},
   eprint = {arXiv:astro-ph/0310341},
 keywords = {Galaxies: ISM, Galaxies: Starburst, Infrared: Galaxies, ISM: Molecules, Radio Lines: Galaxies, Surveys},
     year = 2004,
    month = may,
   volume = 152,
    pages = {63-80},
      doi = {10.1086/383003},
   adsurl = {http://adsabs.harvard.edu/abs/2004ApJS..152...63G},
  adsnote = {Provided by the SAO/NASA Astrophysics Data System}
}


@ARTICLE{Miura:10,
   author = {{Miura}, R. and {Okumura}, S.~K. and {Tosaki}, T. and {Tamura}, Y. and 
	{Kurono}, Y. and {Kuno}, N. and {Nakanishi}, K. and {Sakamoto}, S. and 
	{Hasegawa}, T. and {Kawabe}, R.},
    title = "{Aperture Synthesis Observations of CO, HCN, and 89 GHz Continuum Emission Toward NGC 604 in M33: Sequential Star Formation Induced by a Supergiant H II Region}",
  journal = {\apj},
archivePrefix = "arXiv",
   eprint = {1009.4082},
 primaryClass = "astro-ph.GA",
 keywords = {galaxies: individual: M33, H II regions, ISM: clouds, ISM: individual objects: NGC 604, ISM: molecules, radio lines: ISM},
     year = 2010,
    month = dec,
   volume = 724,
    pages = {1120-1132},
      doi = {10.1088/0004-637X/724/2/1120},
   adsurl = {http://adsabs.harvard.edu/abs/2010ApJ...724.1120M},
  adsnote = {Provided by the SAO/NASA Astrophysics Data System}
}

@ARTICLE{Imanishi:07,
   author = {{Imanishi}, M. and {Nakanishi}, K. and {Tamura}, Y. and {Oi}, N. and 
	{Kohno}, K.},
    title = "{Millimeter Interferometric HCN(1-0) and HCO$^{+}$(1-0) Observations of Luminous Infrared Galaxies}",
  journal = {\aj},
archivePrefix = "arXiv",
   eprint = {0709.1713},
 keywords = {galaxies: active, galaxies: individual: Arp 220: Markarian 231: IRAS 08572+3915: VV 114: He 2{\ndash}10, galaxies: ISM, galaxies: nuclei, radio lines: galaxies},
     year = 2007,
    month = dec,
   volume = 134,
    pages = {2366-2384},
      doi = {10.1086/523598},
   adsurl = {http://adsabs.harvard.edu/abs/2007AJ....134.2366I},
  adsnote = {Provided by the SAO/NASA Astrophysics Data System}
}


@ARTICLE{Gao:07,
   author = {{Gao}, Y. and {Carilli}, C.~L. and {Solomon}, P.~M. and {Vanden Bout}, P.~A.
	},
    title = "{HCN Observations of Dense Star-forming Gas in High-Redshift Galaxies}",
  journal = {\apjl},
   eprint = {arXiv:astro-ph/0703548},
 keywords = {Galaxies: Formation, Galaxies: High-Redshift, Galaxies: ISM, Galaxies: Starburst, Infrared: Galaxies, ISM: Molecules},
     year = 2007,
    month = may,
   volume = 660,
    pages = {L93-L96},
      doi = {10.1086/518244},
   adsurl = {http://adsabs.harvard.edu/abs/2007ApJ...660L..93G},
  adsnote = {Provided by the SAO/NASA Astrophysics Data System}
}



@ARTICLE{Downes:98,
   author = {{Downes}, D. and {Solomon}, P.~M.},
    title = "{Rotating Nuclear Rings and Extreme Starbursts in Ultraluminous Galaxies}",
  journal = {\apj},
   eprint = {arXiv:astro-ph/9806377},
 keywords = {GALAXIES: ISM, GALAXIES: KINEMATICS AND DYNAMICS, GALAXIES: NUCLEI, RADIO LINES: GALAXIES},
     year = 1998,
    month = nov,
   volume = 507,
    pages = {615-654},
      doi = {10.1086/306339},
   adsurl = {http://adsabs.harvard.edu/abs/1998ApJ...507..615D},
  adsnote = {Provided by the SAO/NASA Astrophysics Data System}
}


@ARTICLE{2011MNRAS.412.1913I,
   author = {{Ivison}, R.~J. and {Papadopoulos}, P.~P. and {Smail}, I. and 
	{Greve}, T.~R. and {Thomson}, A.~P. and {Xilouris}, E.~M. and 
	{Chapman}, S.~C.},
    title = "{Tracing the molecular gas in distant submillimetre galaxies via CO(1-0) imaging with the Expanded Very Large Array}",
  journal = {\mnras},
archivePrefix = "arXiv",
   eprint = {1009.0749},
 primaryClass = "astro-ph.CO",
 keywords = {galaxies: evolution, galaxies: high-redshift, galaxies: starburst, infrared: galaxies, radio lines: galaxies, submillimetre: galaxies},
     year = 2011,
    month = apr,
   volume = 412,
    pages = {1913-1925},
      doi = {10.1111/j.1365-2966.2010.18028.x},
   adsurl = {http://adsabs.harvard.edu/abs/2011MNRAS.412.1913I},
  adsnote = {Provided by the SAO/NASA Astrophysics Data System}
}


@ARTICLE{Vegetti:09,
   author = {{Vegetti}, S. and {Koopmans}, L.~V.~E.},
    title = "{Bayesian strong gravitational-lens modelling on adaptive grids: objective detection of mass substructure in Galaxies}",
  journal = {\mnras},
archivePrefix = "arXiv",
   eprint = {0805.0201},
 keywords = {gravitational lensing , galaxies: haloes , galaxies: structure , dark matter},
     year = 2009,
    month = jan,
   volume = 392,
    pages = {945-963},
      doi = {10.1111/j.1365-2966.2008.14005.x},
   adsurl = {http://adsabs.harvard.edu/abs/2009MNRAS.392..945V},
  adsnote = {Provided by the SAO/NASA Astrophysics Data System}
}

@ARTICLE{FoersterSchreiber,
   author = {{F{\"o}rster Schreiber}, N.~M. and {Shapley}, A.~E. and {Genzel}, R. and 
	{Bouch{\'e}}, N. and {Cresci}, G. and {Davies}, R. and {Erb}, D.~K. and 
	{Genel}, S. and {Lutz}, D. and {Newman}, S. and {Shapiro}, K.~L. and 
	{Steidel}, C.~C. and {Sternberg}, A. and {Tacconi}, L.~J.},
    title = "{Constraints on the Assembly and Dynamics of Galaxies. II. Properties of Kiloparsec-scale Clumps in Rest-frame Optical Emission of z \~{} 2 Star-forming Galaxies}",
  journal = {\apj},
archivePrefix = "arXiv",
   eprint = {1104.0248},
 primaryClass = "astro-ph.CO",
 keywords = {galaxies: evolution, galaxies: high-redshift, galaxies: structure, infrared: galaxies},
     year = 2011,
    month = sep,
   volume = 739,
      eid = {45},
    pages = {45},
      doi = {10.1088/0004-637X/739/1/45},
   adsurl = {http://adsabs.harvard.edu/abs/2011ApJ...739...45F},
  adsnote = {Provided by the SAO/NASA Astrophysics Data System}
}

@ARTICLE{Kamion00,
   author = {{Kamionkowski}, M. and {Liddle}, A.~R.},
    title = "{The Dearth of Halo Dwarf Galaxies: Is There Power on Short Scales?}",
  journal = {Physical Review Letters},
   eprint = {arXiv:astro-ph/9911103},
     year = 2000,
    month = may,
   volume = 84,
    pages = {4525-4528},
      doi = {10.1103/PhysRevLett.84.4525},
   adsurl = {http://adsabs.harvard.edu/abs/2000PhRvL..84.4525K},
  adsnote = {Provided by the SAO/NASA Astrophysics Data System}
}

@ARTICLE{Cembranos05,
   author = {{Cembranos}, J.~A.~R. and {Feng}, J.~L. and {Rajaraman}, A. and 
	{Takayama}, F.},
    title = "{Superweakly Interacting Massive Particle Solutions to Small Scale Structure Problems}",
  journal = {Physical Review Letters},
   eprint = {arXiv:hep-ph/0507150},
 keywords = {Dark matter, Field theories in dimensions other than four, Supersymmetric models, Particle-theory and field-theory models of the early Universe},
     year = 2005,
    month = oct,
   volume = 95,
   number = 18,
      eid = {181301},
    pages = {181301},
      doi = {10.1103/PhysRevLett.95.181301},
   adsurl = {http://adsabs.harvard.edu/abs/2005PhRvL..95r1301C},
  adsnote = {Provided by the SAO/NASA Astrophysics Data System}
}

@ARTICLE{Kaplinghat05,
   author = {{Kaplinghat}, M.},
    title = "{Dark matter from early decays}",
  journal = {\prd},
   eprint = {arXiv:astro-ph/0507300},
 keywords = {Dark matter, Background radiations, Particle-theory and field-theory models of the early Universe},
     year = 2005,
    month = sep,
   volume = 72,
   number = 6,
      eid = {063510},
    pages = {063510},
      doi = {10.1103/PhysRevD.72.063510},
   adsurl = {http://adsabs.harvard.edu/abs/2005PhRvD..72f3510K},
  adsnote = {Provided by the SAO/NASA Astrophysics Data System}
}

@ARTICLE{CyrRacine12,
   author = {{Cyr-Racine}, F.-Y. and {Sigurdson}, K.},
    title = "{The Cosmology of Atomic Dark Matter}",
  journal = {ArXiv e-prints},
archivePrefix = "arXiv",
   eprint = {1209.5752},
 primaryClass = "astro-ph.CO",
 keywords = {Astrophysics - Cosmology and Extragalactic Astrophysics, High Energy Physics - Phenomenology},
     year = 2012,
    month = sep,
   adsurl = {http://adsabs.harvard.edu/abs/2012arXiv1209.5752C},
  adsnote = {Provided by the SAO/NASA Astrophysics Data System}
}

@ARTICLE{Hopkins:12,
   author = {{Hopkins}, P.~F. and {Cox}, T.~J. and {Hernquist}, L. and {Narayanan}, D. and 
	{Hayward}, C.~C. and {Murray}, N.},
    title = "{Star Formation in Galaxy Mergers with Realistic Models of Stellar Feedback {\amp} the Interstellar Medium}",
  journal = {ArXiv e-prints},
archivePrefix = "arXiv",
   eprint = {1206.0011},
 primaryClass = "astro-ph.CO",
 keywords = {Astrophysics - Cosmology and Extragalactic Astrophysics, Astrophysics - Galaxy Astrophysics, Astrophysics - High Energy Astrophysical Phenomena, Astrophysics - Solar and Stellar Astrophysics},
     year = 2012,
    month = may,
   adsurl = {http://adsabs.harvard.edu/abs/2012arXiv1206.0011H},
  adsnote = {Provided by the SAO/NASA Astrophysics Data System}
}

@ARTICLE{Barnabe:11,
   author = {{Barnab{\`e}}, M. and {Czoske}, O. and {Koopmans}, L.~V.~E. and 
	{Treu}, T. and {Bolton}, A.~S.},
    title = "{Two-dimensional kinematics of SLACS lenses - III. Mass structure and dynamics of early-type lens galaxies beyond z {\sime} 0.1}",
  journal = {\mnras},
archivePrefix = "arXiv",
   eprint = {1102.2261},
 primaryClass = "astro-ph.CO",
 keywords = {gravitational lensing: strong, galaxies: elliptical and lenticular, cD, galaxies: kinematics and dynamics, galaxies: structure},
     year = 2011,
    month = aug,
   volume = 415,
    pages = {2215-2232},
      doi = {10.1111/j.1365-2966.2011.18842.x},
   adsurl = {http://adsabs.harvard.edu/abs/2011MNRAS.415.2215B},
  adsnote = {Provided by the SAO/NASA Astrophysics Data System}
}


@ARTICLE{Petry:12,
   author = {{Petry}, D. and others},
    title = "{Analysing ALMA data with CASA}",
  journal = {ArXiv e-prints},
archivePrefix = "arXiv",
   eprint = {1201.3454},
 primaryClass = "astro-ph.IM",
 keywords = {Astrophysics - Instrumentation and Methods for Astrophysics, Physics - Data Analysis, Statistics and Probability},
     year = 2012,
    month = jan,
   adsurl = {http://esoads.eso.org/abs/2012arXiv1201.3454P},
  adsnote = {Provided by the SAO/NASA Astrophysics Data System}
}

@ARTICLE{Combes:12,
   author = {{Combes}, F. and {Rex}, M. and {Rawle}, T.~D. and {Egami}, E. and 
	{Boone}, F. and {Smail}, I. and {Richard}, J. and {Ivison}, R.~J. and 
	{Gurwell}, M. and {Casey}, C.~M. and {Omont}, A. and {Berciano Alba}, A. and 
	{Dessauges-Zavadsky}, M. and {Edge}, A.~C. and {Fazio}, G.~G. and 
	{Kneib}, J.-P. and {Okabe}, N. and {Pell{\'o}}, R. and {P{\'e}rez-Gonz{\'a}lez}, P.~G. and 
	{Schaerer}, D. and {Smith}, G.~P. and {Swinbank}, A.~M. and 
	{van der Werf}, P.},
    title = "{A bright z = 5.2 lensed submillimeter galaxy in the field of Abell 773. HLSJ091828.6+514223}",
  journal = {\aap},
archivePrefix = "arXiv",
   eprint = {1201.2908},
 primaryClass = "astro-ph.CO",
 keywords = {galaxies: evolution, galaxies: high-redshift, galaxies: ISM, infrared: galaxies, submillimeter: galaxies, galaxies: individual: HLSJ091828.6+514223},
     year = 2012,
    month = feb,
   volume = 538,
      eid = {L4},
    pages = {L4},
      doi = {10.1051/0004-6361/201118750},
   adsurl = {http://adsabs.harvard.edu/abs/2012A%26A...538L...4C},
  adsnote = {Provided by the SAO/NASA Astrophysics Data System}
}

@ARTICLE{Alaghband-Zadeh:12,
   author = {{Alaghband-Zadeh}, S. and {Chapman}, S.~C. and {Swinbank}, A.~M. and 
	{Smail}, I. and {Harrison}, C.~M. and {Alexander}, D.~M. and 
	{Casey}, C.~M. and {Dav{\'e}}, R. and {Narayanan}, D. and {Tamura}, Y. and 
	{Umehata}, H.},
    title = "{Integral field spectroscopy of 2.0{\lt} z{\lt}2.7 submillimetre galaxies: gas morphologies and kinematics}",
  journal = {\mnras},
archivePrefix = "arXiv",
   eprint = {1205.5452},
 primaryClass = "astro-ph.CO",
 keywords = {galaxies: evolution, galaxies: high-redshift, galaxies: kinematics and dynamics, galaxies: starburst, galaxies: star formation },
     year = 2012,
    month = aug,
   volume = 424,
    pages = {2232-2248},
      doi = {10.1111/j.1365-2966.2012.21386.x},
   adsurl = {http://adsabs.harvard.edu/abs/2012MNRAS.424.2232A},
  adsnote = {Provided by the SAO/NASA Astrophysics Data System}
}

@ARTICLE{Hodge:12,
   author = {{Hodge}, J.~A. and {Carilli}, C.~L. and {Walter}, F. and {de Blok}, W.~J.~G. and 
	{Riechers}, D.~A. and {Daddi}, E. and {Lentati}, L.},
    title = "{Evidence for a clumpy, rotating gas disk in a submillimeter galaxy at z=4}",
  journal = {ArXiv e-prints},
archivePrefix = "arXiv",
   eprint = {1209.2418},
 primaryClass = "astro-ph.CO",
 keywords = {Astrophysics - Cosmology and Extragalactic Astrophysics},
     year = 2012,
    month = sep,
   adsurl = {http://adsabs.harvard.edu/abs/2012arXiv1209.2418H},
  adsnote = {Provided by the SAO/NASA Astrophysics Data System}
}

@ARTICLE{Rangwala:11,
   author = {{Rangwala}, N. and {Maloney}, P.~R. and {Glenn}, J. and {Wilson}, C.~D. and 
	{Rykala}, A. and {Isaak}, K. and {Baes}, M. and {Bendo}, G.~J. and 
	{Boselli}, A. and {Bradford}, C.~M. and {Clements}, D.~L. and 
	{Cooray}, A. and {Fulton}, T. and {Imhof}, P. and {Kamenetzky}, J. and 
	{Madden}, S.~C. and {Mentuch}, E. and {Sacchi}, N. and {Sauvage}, M. and 
	{Schirm}, M.~R.~P. and {Smith}, M.~W.~L. and {Spinoglio}, L. and 
	{Wolfire}, M.},
    title = "{Observations of Arp 220 Using Herschel-SPIRE: An Unprecedented View of the Molecular Gas in an Extreme Star Formation Environment}",
  journal = {\apj},
archivePrefix = "arXiv",
   eprint = {1106.5054},
 primaryClass = "astro-ph.CO",
 keywords = {galaxies: ISM, galaxies: starburst, ISM: molecules, line: identification, molecular processes, techniques: spectroscopic},
     year = 2011,
    month = dec,
   volume = 743,
      eid = {94},
    pages = {94},
      doi = {10.1088/0004-637X/743/1/94},
   adsurl = {http://adsabs.harvard.edu/abs/2011ApJ...743...94R},
  adsnote = {Provided by the SAO/NASA Astrophysics Data System}
}



@ARTICLE{Weiss:07,
   author = {{Wei{\ss}}, A. and {Downes}, D. and {Neri}, R. and {Walter}, F. and 
	{Henkel}, C. and {Wilner}, D.~J. and {Wagg}, J. and {Wiklind}, T.
	},
    title = "{Highly-excited CO emission in APM 08279+5255 at z = 3.9}",
  journal = {\aap},
   eprint = {arXiv:astro-ph/0702669},
 keywords = {galaxies: formation, galaxies: high-redshift, ISM: molecules, galaxies: individual: APM 08279+5255, cosmology:, observations, galaxies: quasars: emission lines},
     year = 2007,
    month = jun,
   volume = 467,
    pages = {955-969},
      doi = {10.1051/0004-6361:20066117},
   adsurl = {http://adsabs.harvard.edu/abs/2007A%26A...467..955W},
  adsnote = {Provided by the SAO/NASA Astrophysics Data System}
}

@ARTICLE{swinbank:11,
   author = {{Swinbank}, A.~M. and {Papadopoulos}, P.~P. and {Cox}, P. and 
	{Krips}, M. and {Ivison}, R.~J. and {Smail}, I. and {Thomson}, A.~P. and 
	{Neri}, R. and {Richard}, J. and {Ebeling}, H.},
    title = "{The Interstellar Medium in Distant Star-forming Galaxies: Turbulent Pressure, Fragmentation, and Cloud Scaling Relations in a Dense Gas Disk at z = 2.3}",
  journal = {\apj},
archivePrefix = "arXiv",
   eprint = {1110.2780},
 primaryClass = "astro-ph.CO",
 keywords = {galaxies: evolution, galaxies: high-redshift, galaxies: individual: SMM J2135{\ndash}0102, galaxies: ISM, galaxies: starburst, galaxies: star formation},
     year = 2011,
    month = nov,
   volume = 742,
      eid = {11},
    pages = {11},
      doi = {10.1088/0004-637X/742/1/11},
   adsurl = {http://adsabs.harvard.edu/abs/2011ApJ...742...11S},
  adsnote = {Provided by the SAO/NASA Astrophysics Data System}
}

@ARTICLE{More:09,
   author = {{More}, A. and {McKean}, J.~P. and {More}, S. and {Porcas}, R.~W. and 
	{Koopmans}, L.~V.~E. and {Garrett}, M.~A.},
    title = "{The role of luminous substructure in the gravitational lens system MG 2016+112}",
  journal = {\mnras},
archivePrefix = "arXiv",
   eprint = {0810.5341},
 keywords = {gravitational lensing , quasars: individual: MG 2016+112 , cosmology: observations},
     year = 2009,
    month = mar,
   volume = 394,
    pages = {174-190},
      doi = {10.1111/j.1365-2966.2008.14342.x},
   adsurl = {http://adsabs.harvard.edu/abs/2009MNRAS.394..174M},
  adsnote = {Provided by the SAO/NASA Astrophysics Data System}
}